2980 3587
222 338 348 381 caret
381 333 527 391 1,.54.
569 331 641 379 De
672 331 841 379 ceteris
871 329 1082 378 Maximo
1101 346 1352 390 emensus,
1385 333 1446 379 de
1478 330 1709 393 Scipionis
1742 349 1882 380 causa
1914 332 2141 380 disseruit
2159 335 2238 393 29,
2261 336 2338 382 20.

221 419 283 464 (16
313 417 532 464 omnibus
563 417 704 462 rebus
735 415 921 462 facilius
939 428 1267 465 ‚consensuros
1297 419 1375 476 38,
1397 419 1477 464 34.
1508 433 1617 464 cum
1649 419 1709 463 de
1740 418 1919 479 legibus
1951 418 2245 477 conveniret,
2279 421 2339 465 de

218 502 369 550 latore
400 505 584 548 tantum
614 500 908 563 discreparet
937 500 984 558 3,
1005 500 1080 548 31.
1120 517 1183 549 ne
1212 502 1273 550 de
1304 502 1501 550 ducibus
1532 502 1728 564 quidem
1759 502 1977 549 convenit
2006 503 2087 560 26,
2118 503 2197 550 49.
2237 519 2336 551 non

220 588 281 635 de
311 590 509 634 numero
540 586 735 635 navium
767 587 1028 646 captu-mn,
1071 602 1167 635 non
1208 587 1269 635 de
1309 587 1519 649 pondere
1547 588 1650 635 auri
1698 591 1839 649 atque
1858 592 1860 594 ’
1880 588 2061 649 argenti
2101 589 2335 647 convenit,

217 671 332 718 ibid.
363 669 544 716 utinam
574 671 635 718 de
667 669 837 717 ceteris
865 669 1005 716 rebus
1037 685 1145 718 cum
1176 671 1315 733 plebe
1345 671 1594 719 conveniat
1623 673 1670 731 6,
1706 673 1783 718 15.
1828 671 1888 717 de
1928 671 2161 732 supplicio
2192 673 2334 720 Gam-

218 755 330 818 pani
370 759 557 801 senatus
597 754 956 815 haudquaquam
995 755 1121 801 inter
1162 781 1225 790 —
1267 756 1575 802 conveniebat
1613 757 1693 814 26,
1735 757 1807 802 15.
1858 756 1949 802 sic:
2004 756 2084 813 28,
2130 757 2202 802 12.
2250 759 2330 816 35,

217 840 298 886 56.
337 838 418 896 42,
455 838 531 885 25.

343 923 405 968 Ut
438 920 639 967 Romani
669 936 790 981 quae
819 921 1101 967 viderentur
1132 922 1204 968 (16·
1224 921 1612 970 Lacedaemoniis
1642 927 1877 969 mutarent
1906 924 1986 982 39,
2007 925 2086 970 37.
2129 924 2253 981 Quid
2274 925 2332 970 de

216 1006 407 1054 Nabidis
438 1006 565 1053 bello
594 1006 804 1068 placeret
822 1006 913 1064 34,
938 1007 1017 1052 24.
1050 1007 1111 1053 (16
1143 1006 1430 1053 exercitibus
1462 1008 1530 1054 ita
1560 1007 1732 1069 placuit
1762 1008 1841 1066 38,
1866 1008 1942 1054 36.
1988 1009 2049 1054 Ut
2079 1009 2333 1070 quicquam

217 1093 278 1139 de
309 1093 360 1138 ‘se
378 1090 581 1153 *gravius
612 1091 910 1136 consulerent
941 1092 1019 1150 26,
1044 1092 1124 1137 33.
1166 1093 1227 1139 (16
1257 1091 1462 1154 perfugis
1492 1093 1680 1154 gravius
1712 1108 1856 1153 quam
1889 1095 1949 1139 de
1980 1093 2185 1156 fugitivis
2217 1108 2335 1140 con-

216 1175 393 1224 sultum
424 1175 503 1234 30,
524 1174 600 1222 43.
644 1173 834 1238 singulis
866 1174 1129 1223 civitatibus
1160 1176 1221 1223 de
1251 1175 1365 1238 ipsis
1396 1175 1669 1223 consulendi
1698 1181 1984 1238 potestatem
2014 1177 2219 1226 factiuns
2250 1177 2332 1235 42,

214 1262 293 1309 38.
332 1260 400 1307 Ν6
431 1266 630 1307 emeatus
657 1260 930 1305 consultum
959 1261 1021 1306 de
1053 1260 1249 1307 comitiis
1289 1253 1608 1307 consulafibus
1651 1260 1827 1308 faceret
1857 1264 1904 1321 4,
1937 1264 2016 1310 43.
2060 1268 2112 1309 ut
2142 1267 2330 1309 senatus

214 1345 478 1393 consultum
509 1342 663 1400 fieret,
696 1343 756 1388 de
786 1343 984 1389 tribunis
1014 1343 1217 1389 militum'
1250 1345 1465 1392 creandis
1496 1345 1544 1401 4,
1571 1346 1647 1390 55.
1680 1346 1772 1391 sic:
1815 1348 1894 1404 25,
1932 1349 1979 1393 5.
2022 1348 2102 1405 23,
2131 1349 2209 1395 10.
2246 1347 2328 1403 35,

212 1431 259 1476 8.
291 1429 371 1487 39,
395 1428 471 1474 19.
501 1427 580 1484 40,
601 1426 681 1471 44.
711 1425 794 1481 22,
816 1426 897 1471 26.
942 1425 1107 1471 Plebes
1139 1426 1200 1472 de
1218 1426 1319 1472 suis
1349 1426 1609 1472 commodis
1640 1427 1946 1492 suffugium
1975 1430 2143 1491 ferret
2173 1431 2220 1489 6,
2248 1431 2328 1475 36.

211 1527 302 1558 nec
332 1511 534 1575 populus
575 1510 635 1554 de
675 1509 826 1554 multa
867 1507 1139 1572 suffragimu
1170 1509 1300 1555 ferre
1329 1510 1481 1555 voluit
1510 1510 1589 1569 37,
1625 1512 1702 1556 58.
1750 1513 1811 1556 Ut
1848 1514 2030 1558 nullum
2071 1516 2131 1559 (16
2174 1529 2232 1559 ea
2276 1529 2329 1559 re

212 1596 386 1642 scitum
410 1593 582 1657 populi
607 1593 740 1637 fieret
770 1594 851 1649 45,
873 1594 950 1637 25.
994 1594 1055 1637 de
1086 1593 1237 1637 altero
1269 1593 1411 1638 aedili
1441 1594 1609 1638 scitum
1651 1596 1800 1656 plebis
1832 1603 1903 1642 est
1933 1597 2107 1643 factum
2140 1600 2218 1655 31,
2248 1600 2326 1645 50.

210 1681 283 1727 De
314 1682 482 1726 senatu
513 1677 787 1725 Privernate
817 1677 884 1723 ita
914 1677 1157 1722 decretum
1183 1683 1276 1733 est,
1310 1682 1362 1722 ut
1390 1704 1455 1712 —-
1485 1680 1534 1734 8,
1557 1679 1633 1725 20.
1666 1680 1726 1726 (16
1757 1681 2040 1728 exercitibus
2071 1683 2135 1729 ita
2166 1683 2327 1727 decre-

211 1768 386 1811 verunt
414 1763 496 1817 23,
518 1763 598 1806 31.
640 1766 693 1806 ut
724 1761 785 1806 de
816 1761 1068 1822 provinciis
1101 1762 1407 1807 decernerent
1436 1763 1518 1818 28,
1548 1765 1627 1809 45.
1669 1765 1761 1810 hoc
1792 1766 1851 1810 de
1883 1767 2092 1812 eiusdem
2123 1766 2328 1827 Philippi

209 1860 326 1911 pace
357 1826 629 1893 decrevistis
659 1845 740 1901 31,
760 1846 835 1891 29.
870 1859 930 1891 ne
962 1845 1022 1890 de
1051 1858 1168 1906 pace
1198 1845 1382 1892 bellove
1415 1847 1720 1894 decernerent
1750 1849 1829 1906 31,
1851 1850 1930 1896 32.
1963 1851 2023 1896 de
2054 1851 2175 1914 agris
2204 1850 2328 1895 mili-

209 1929 829 1984 tumeiusdecretum31,
862 1930 941 1974 49.
974 1929 1066 1973 sic.
1105 1929 1186 1984 35,
1210 1930 1252 1974 7.
1286 1930 1365 1984 35,
1403 1932 1477 1974 41.
1509 1932 1589 1987 38,
1621 1933 1697 1976 43.
1739 1934 1818 1991 39,
1851 1935 1895 1978 4.
1940 1935 2019 1993 43,
2052 1937 2098 1980 4.
2137 1938 2215 1994 45,
2248 1936 2328 1980 39.

208 2017 290 2069 35,
315 2018 361 2060 3.
402 2016 604 2059 Decreta
632 2015 692 2058 (16
712 2014 923 2058 exercitu
952 2015 1163 2072 parando
1193 2015 1416 2059 adversus
1433 2038 1496 2048 ——
1516 2016 1596 2071 31,
1616 2018 1694 2061 25.
1726 2019 1969 2063 decretum
1993 2022 2055 2064 de
2080 2021 2328 2065 restituen-

208 2099 281 2144 dis
310 2099 368 2143 iis
393 2090 581 2143 factum
621 2101 690 2143 e'st
721 2099 802 2152 38,
834 2096 911 2141 34.
948 2101 1079 2142 vetus
1119 2096 1360 2141 decretum
1401 2097 1463 2143 (16
1504 2101 1717 2146 arcendis
1756 2102 1885 2147 aditu
1927 2103 2093 2148 finium
2133 2103 2323 2164 regibus

207 2182 518 2229 Macedonum
546 2183 625 2239 42,
647 2182 693 2227 6.
725 2180 950 2242 (rogatio)
982 2196 1077 2239 qua
1111 2179 1247 2244 nobis
1273 2181 1525 2228 statuendi
1555 2183 1615 2230 de
1656 2184 1906 2247 Campanis
1931 2187 2005 2232 ius
2033 2185 2115 2232 fiat
2140 2187 2225 2242 26,
2244 2187 2323 2233 33.

207 2266 436 2328 quidnam
469 2267 530 2313 de
561 2265 791 2313 seditione
805 2292 807 2294 >
823 2267 1103 2311 statueretur
1129 2264 1209 2321 28,
1236 2264 1317 2311 31.
1357 2269 1410 2311 ut
1434 2264 1535 2328 ipse
1571 2268 1901 2331 quodcunque
1927 2269 2022 2317 fert
2052 2271 2237 2319 animus
2264 2271 2323 2317 (16

209 2350 392 2413 captiva
419 2353 594 2397 statuas
625 2352 703 2408 30,
730 2350 804 2395 12.
847 2349 888 2394 si
925 2349 984 2394 de
1014 2362 1200 2394 summa
1231 2363 1394 2395 rerum
1421 2350 1626 2397 liberum
1658 2354 1838 2404 senatui
1868 2355 2106 2415 permittat
2141 2370 2230 2401 rex
2258 2357 2319 2402 de

207 2444 261 2481 se
288 2436 442 2495 deque
472 2435 693 2481 universa
721 2433 995 2480 Macedonia
1022 2433 1259 2479 statuendi
1285 2434 1361 2480 ius
1388 2435 1468 2490 42,
1492 2437 1566 2482 62.
1598 2437 1681 2496 qui
1712 2438 1772 2484 de
1797 2437 1971 2486 finibus
1993 2445 2323 2502 cognoscerent

206 2522 556 2578 statueremque
574 2519 662 2572 45,
688 2519 760 2562 13.
803 2519 877 2562 De
902 2531 1083 2562 summa
1118 2531 1280 2562 rerum
1303 2522 1486 2562 senatus
1521 2521 1772 2565 constitu-it
1796 2523 1877 2578 37,
1898 2525 1975 2568 56.
2016 2512 2089 2567 De
2122 2524 2322 2584 pecunia

194 2586 388 2664 fluitur
403 2603 491 2661 ’40,
510 2602 586 2648 44.
628 2602 730 2648 Iam
748 2600 891 2663 pacti
914 2616 1024 2648 cum
1053 2601 1317 2648 Himilcone
1350 2602 1411 2648 de
1441 2603 1705 2664 proditione
1733 2607 1955 2667 praesidii
1984 2609 2066 2665 24,
2087 2608 2162 2655 37.
2206 2607 2324 2655 Πίε-

207 2688 477 2748 ceptato'res
501 2686 698 2733 Romani
728 2686 789 2732 de
819 2701 931 2748 agro
959 2685 1151 2732 fuerunt
1178 2688 1260 2742 40,
1285 2687 1359 2733 17.
1396 2686 1707 2749 disceptatore
1741 2691 1799 2736 de
1829 2691 1886 2737 iis
1899 2723 1915 2749 ,
1942 2707 2065 2753 quae
2092 2719 2158 2727 ——-
2185 2699 2322 2740 uten-

205 2770 321 2817 dum
350 2771 578 2818 Antiocho
615 2772 696 2826 35,
718 2771 794 2816 45.
824 2770 950 2815 Nihil
977 2775 1137 2817 tumen
1166 2771 1351 2832 gravius
1368 2774 1761 2833 pronunciatum.
1782 2776 1842 2822 de
1874 2791 1935 2823 eo
1955 2803 2020 2812 —
2042 2786 2113 2823 est
2139 2779 2222 2835 40,
2241 2780 2323 2825 24.

206 2847 484 2902 Edeta-unt
503 2855 567 2903 (16
585 2847 822 2902 'militibus
831 2887 850 2910 ,
880 2854 933 2900 P.
952 2854 1088 2900 Aelio
1112 2852 1164 2900 G.
1194 2854 1393 2917 Popillio
1428 2858 1695 2904 consulibus
1720 2864 1899 2921 postvev
1919 2877 2001 2909 eos
2029 2864 2250 2912 consules
2270 2865 2321 2911 in

205 2926 530 2987 Macedoniam
559 2940 769 3002 scriptis,-
800 2944 855 2985 ut
873 2960 931 2975 -
955 2941 1034 2999 43,
1058 2940 1132 2986 14.
1164 2945 1417 3003 postquam
1443 2943 1566 3006 regis
1594 2943 1794 3011 edictaq-
1821 2946 1881 2993 de
1916 2948 2322 3010 eomprehenden-
