2990 3623
638 332 710 380 dis
740 331 902 379 libetis
934 344 1123 385 eorum,
1156 327 1237 386 qui
1269 325 1501 374 interfecti
1532 331 1716 384 essent,
1747 327 1942 389 accepit
1954 328 2046 387 40,
2052 328 2101 387 4.
2143 330 2205 376 Ut
2235 331 2295 379 ad
2326 330 2440 377 deos
2463 329 2763 394 immonsloq

638 416 765 463 versi
796 417 859 464 de
890 429 940 461 se
970 411 1245 459 iudicarent
1277 412 1325 468 6,
1342 410 1423 456 20.
1454 409 1524 457 illi
1556 410 1615 457 de
1645 410 1786 463 nobis
1816 411 1856 458 si
1887 411 2149 467 iudicarent
2177 413 2258 473 45,
2286 414 2366 465 24.
2408 414 2470 473 (16
2500 428 2616 477 quo
2629 412 2763 479 futu.-

639 515 747 550 rum
788 497 1063 560 propediem
1102 494 1339 543 iudicium
1370 494 1527 551 3,13.
1577 493 1852 555 priusquam.
1894 495 1958 553 de
1969 495 2211 558 Scipione
2254 497 2481 556 iudicium
2522 497 2648 559 foi-et
2677 499 2760 561 38,

639 586 719 633 55.
748 584 807 631 de
829 581 1105 629 Tusculanis
1136 579 1297 642 populi
1328 577 1419 624 fuit
1450 577 1676 626 iudicium
1707 579 1754 638 8,
1779 578 1855 627 37.
1890 578 2063 639 iudicia
2091 594 2234 643 penes
2250 595 2340 629 vos
2360 587 2501 631 erunt
2521 582 2584 643 de,
2599 586 2759 643 nostro

639 667 785 728 capite
816 664 1114 726 fortunisque
1154 665 1201 722 3,
1222 665 1297 711 53.
1341 664 1568 711 iudicium
1598 664 1657 710 de
1691 677 1742 722 se
1774 663 1975 728 populns
2005 663 2205 726 faceret,
2239 671 2284 715 et
2314 666 2477 728 paullo
2494 672 2640 730 'poste
2675 668 2758 730 ‘iu-z

585 789 589 790 ⁷
640 752 816 802 (finium
846 750 1007 812 populi
1042 749 1102 795 de
1133 762 1184 795 se
1211 747 1389 795 factum
1421 752 1542 796 esset
1574 748 1655 806 43,
1680 748 1756 795 16.
1788 747 1876 796 sic:
1914 747 1995 807 38,
2021 749 2096 805 16.
2138 749 2220 809 29,
2245 749 2321 799 32.
2363 750 2445 810 45,
2474 750 2644 812 5.,43,
2684 751 2759 799 16.

636 840 718 893 25,
743 840 786 883 4.
820 838 867 894 3,
891 837 963 881 25.
997 835 1044 890 3,
1063 835 1139 879 71.
1174 834 1220 890 6,
1244 835 1291 877 6.
1336 832 1540 878 Senatus
1572 834 1828 894 populique
1859 834 2059 879 Romani
2092 834 2152 879 de
2184 848 2241 880 ea
2258 835 2509 898 (Syphacis
2539 837 2760 903 coniuge)

636 922 869 969 iudicium
899 927 1043 980 atque
1074 917 1334 963 arbitrium
1365 931 1467 963 esse
1498 919 1578 975 30,
1615 919 1691 963 14.
1733 918 1793 968 (16
1832 931 1949 979 pace
1968 917 2213 979 ³Scipionis
2255 919 2512 967 ‹tt-binium
2542 932 2646 982 esse
2677 920 2757 978 30,

637 1009 714 1053 38.
747 1004 927 1052 senatui
959 1004 1162 1048 liberum
1194 1002 1441 1049 arbitrium
1473 1003 1532 1046 ‹le
1563 1017 1615 1047 se
1645 1002 1977 1063 permitterent
2007 1003 2086 1060 37,
2110 1004 2155 1049 1.
2186 1002 2340 1050 libere
2370 1005 2431 1052 de
2461 1019 2655 1068 quoque
2681 1019 2758 1067 etf-

638 1092 771 1138 bitria
806 1104 947 1149 agere
979 1090 1058 1144 24,
1080 1090 1154 1133 45.
1180 1085 1542 1148 praeiudicium
1573 1086 1669 1131 iam
1700 1088 1759 1132 de
1789 1087 1884 1133 reis
1913 1086 2094 1134 factum
2123 1103 2227 1135 esse
2256 1089 2303 1144 5,
2327 1090 2401 1134 11.
2442 1090 2535 1136 Ius
2549 1090 2608 1135 de
2624 1095 2758 1153 tergo

638 1176 827 1236 vitaque
860 1189 946 1219 sua
976 1188 1122 1234 penes
1153 1172 1309 1217 virum
1339 1170 1474 1218 illum
1506 1185 1610 1216 esse
1641 1171 1689 1229 2,
1710 1172 1807 1225 29.
1834 1170 2049 1219 Consulis
2081 1173 2141 1221 de
2173 1187 2230 1220 ea
2260 1188 2314 1220 re
2344 1172 2423 1231 ius
2453 1190 2513 1225 ac
2535 1182 2757 1237 potestur

636 1269 729 1307 tem
761 1273 864 1305 esse
896 1258 974 1315 24,
994 1258 1072 1303 39.
1116 1256 1195 1303 Ius
1237 1256 1297 1302 de
1341 1254 1528 1302 creditis
1559 1256 1770 1315 pecuniis
1810 1256 1992 1313 dicere,
2035 1263 2108 1305 etz
2149 1258 2209 1306 de
2243 1257 2421 1307 credita
2451 1259 2655 1320 pecunie
2684 1259 2759 1321 ius

635 1344 792 1391 dicere
822 1342 871 1399 2,
892 1341 969 1386 27.
1004 1341 1051 1398 6,
1071 1340 1146 1386 31.
1184 1341 1260 1397 18,
1282 1340 1355 1384 18.
1402 1337 1463 1384 Et
1496 1339 1556 1385 de
1588 1339 1873 1402 Sempronio
1908 1345 1954 1386 et
1986 1340 2046 1389 de
2077 1340 2298 1390 omnibus
2329 1356 2562 1391 summam
2595 1341 2759 1405 populi

634 1427 837 1476 Romani
861 1431 1152 1489 potestatem
1183 1439 1287 1470 esse
1318 1424 1365 1482 4,
1388 1423 1467 1469 42.
1501 1423 1671 1471 amissa
1702 1423 1832 1471 omni
1862 1424 1921 1471 de
1954 1438 2006 1470 se
2040 1430 2266 1486 potestate
2298 1425 2346 1485 8,
2365 1425 2446 1475 27.
2506 1480 2514 1487 ⁴

763 1512 912 1559 Didae
943 1510 1184 1555 mandata
1217 1508 1404 1553 dedisse
1441 1508 1610 1555 dicitur
1630 1508 1705 1563 ,(16
1735 1507 1833 1553 filio
1865 1508 2123 1556 occidendo
2154 1511 2234 1568 40,
2256 1510 2336 1556 24.
2380 1524 2536 1571 neque
2567 1510 2657 1557 sihi
2688 1509 2759 1556 fa-

636 1601 724 1647 cile
757 1612 861 1644 esse
898 1597 957 1641 de
988 1595 1046 1639 iis
1078 1594 1222 1638 rebus
1254 1608 1420 1654 agere,
1453 1594 1514 1639 de
1545 1593 1714 1653 qmlbus
1746 1593 1862 1639 nihil
1895 1594 2103 1640 mandati
2134 1609 2162 1641 a
2191 1599 2326 1656 patre
2355 1594 2553 1642 haberet
2580 1596 2661 1658 42,
2681 1595 2758 1659 24.

636 1699 785 1746 quum
817 1681 1087 1728 mandatum
1119 1679 1209 1724 sibi
1241 1678 1300 1723 de
1332 1678 1405 1731 his
1438 1678 1716 1724 nominatim
1735 1683 1959 1740 negarent
1979 1679 2230 1739 quicquam
2250 1680 2330 1738 32,
2352 1680 2428 1728 37.
2462 1696 2570 1727 cum
2590 1680 2759 1729 iisdem

636 1769 698 1816 de
728 1780 845 1830 pace
876 1763 1106 1811 mandatis
1138 1763 1217 1821 44,
1242 1762 1318 1808 35.
1353 1762 1413 1808 (16
1443 1775 1558 1824 pace
1589 1759 1792 1811 afferens
1822 1762 2044 1811 mandata
2073 1762 2152 1822 37,
2176 1763 2255 1811 34.
2289 1763 2350 1811 de
2379 1763 2647 1813 minorihus
2679 1777 2757 1812 re-

638 1855 725 1900 bus
757 1850 895 1898 editis
927 1848 1158 1895 mandatis
1189 1847 1268 1905 33,
1289 1847 1370 1894 35.
1402 1845 1658 1907 Postquam
1689 1847 1749 1895 de
1781 1847 2004 1909 conlegae
2034 1848 2361 1910 exercitusque
2391 1848 2533 1899 caede
2564 1847 2757 1903 audivit

638 1938 718 1994 22,
740 1938 785 1983 9.
822 1948 883 1983 ne
914 1937 1049 1978 antea
1081 1931 1271 1991 quidem
1303 1945 1353 1976 se
1385 1930 1444 1975 de
1474 1944 1590 1990 pace
1621 1930 1856 1977 audivisse
1886 1931 1966 1988 27,
1993 1931 2073 1977 30.
2122 1932 2269 1978 auditi
2302 1933 2363 1979 de
2396 1931 2545 1995 Tyrio
2577 1932 2757 1980 advena

639 2019 1040 2082 Carthaginienses
1071 2017 1149 2073 34,
1170 2016 1248 2060 62.
1291 2015 1442 2060 Possit
1472 2015 1617 2061 etiam
1643 2015 1738 2070 huc
1768 2014 1937 2064 referri
1965 2015 2045 2064 hic
2075 2016 2228 2062 locus:
2262 2017 2320 2061 de
2347 2016 2451 2065 aliis
2470 2017 2613 2074 rebus
2633 2016 2759 2076 hnud

639 2116 924 2167 magnopere
956 2100 1263 2148 audiebantur
1294 2099 1372 2157 24,
1402 2099 1449 2145 5.
1498 2097 1686 2145 Mentio
1733 2099 1793 2146 de
1833 2098 1957 2161 agris
1999 2099 2261 2154 dividendis
2298 2099 2444 2148 inlata
2484 2105 2555 2147 est
2596 2101 2645 2163 4,
2678 2100 2756 2155 44.

638 2195 739 2235 tum
780 2187 986 2247 primum
1028 2185 1207 2230 mentio
1263 2183 1404 2229 inlata
1446 2183 1507 2227 de
1548 2183 1675 2236 tribu
1718 2209 1780 2219 -—
1825 2183 2028 2240 31,15.
2073 2184 2329 2232 mentione
2353 2184 2494 2236 inlata
2539 2185 2602 2232 de
2644 2199 2758 2248 agro

636 2271 873 2319 Lavioano
904 2270 955 2323 4,
992 2270 1068 2314 47.
1107 2267 1330 2313 intulerat
1370 2267 1660 2318 mentionem
1703 2268 1763 2317 de
1804 2267 2054 2316 volonibus
2091 2268 2367 2316 revocandis
2409 2269 2469 2315 ad
2512 2269 2641 2331 signa
2677 2269 2758 2331 27,

635 2359 715 2405 38.
749 2356 838 2401 sio:
871 2354 984 2410 6,.6
1016 2354 1123 2409 71.
1159 2354 1202 2409 1,
1224 2352 1299 2397 57.
1334 2352 1415 2407 32,
1440 2353 1518 2397 20.
1550 2354 1597 2410 8,
1630 2354 1710 2398 20.
1740 2354 1820 2409 41,
1846 2353 1894 2398 8.
1950 2352 2755 2416 Ibidesuisrebusgestiscmm

633 2437 924 2487 mensuravit
956 2439 1034 2494 27,
1058 2440 1103 2482 5.
1143 2437 1387 2496 Philippus
1424 2462 1477 2470 -—
1512 2437 1659 2483 multa
1689 2437 1785 2484 iam
1828 2452 1970 2498 saepe
1998 2445 2270 2495 memorata
2301 2438 2361 2496 de
2392 2438 2627 2497 maiorum
2658 2438 2755 2484 vir-

632 2526 834 2583 tutibus,
868 2522 1011 2573 simul
1044 2522 1105 2568 de
1135 2521 1322 2567 militari
1353 2521 1493 2568 laude
1523 2520 1860 2578 Macedonum,
1893 2536 2044 2582 quum
2074 2521 2392 2579 disseruisset,
2424 2522 2485 2569 ad
2519 2537 2599 2579 ea,
2626 2537 2754 2584 ‚quae

631 2636 697 2648 --
727 2609 860 2658 venit
891 2610 970 2664 33,
1004 2608 1050 2652 4.
1104 2605 1177 2650 De
1207 2605 1419 2652 Eumene
1459 2620 1571 2668 rege
1615 2606 1753 2669 longe
1783 2606 1970 2662 diversa
2007 2606 2211 2653 tradunt
2241 2607 2321 2665 44,
2353 2607 2431 2666 1¹3.
2483 2604 2660 2655 Eadem
2688 2607 2754 2669 ⁴de

633 2695 776 2741 rebus
819 2693 868 2738 in
899 2692 1085 2739 Aetolia
1115 2691 1257 2752 gestis
1299 2697 1626 2751 exposuerunt
1655 2690 1736 2747 36,
1772 2691 1852 2739 21.
1902 2682 2079 2739 Achaei
2112 2691 2171 2737 de
2201 2689 2414 2739 Messene
2444 2696 2634 2751 recepta
2664 2706 2753 2743 ex·⁸

633 2781 892 2840 posuerunt
922 2777 1001 2833 40,
1024 2775 1103 2823 20.
1147 2774 1281 2835 Quae
1311 2774 1515 2834 vulgata
1546 2773 1842 2830 sermonibus
1872 2779 2019 2833 erant,
2050 2775 2111 2823 de
2142 2774 2274 2832 cultu
2305 2788 2361 2820 ac
2388 2772 2569 2830 desidia
2597 2773 2752 2837 impe-

631 2863 799 2915 ratoris
819 2863 898 2919 20,
920 2863 999 2910 21.
1034 2861 1093 2906 de
1125 2859 1336 2908 Philocle
1369 2859 1485 2909 nihil
1517 2860 1630 2908 certi
1661 2860 1903 2924 vulgatum
1922 2864 2008 2908 vest
2028 2861 2114 2919 40,
2128 2862 2208 2908 55.
2248 2857 2321 2906 De
2340 2857 2753 2918 Praenestinorum

636 2945 899 2996 defectione
925 2946 1083 3007 fama
1124 2950 1291 2992 exorta
1332 2944 1378 3001 6,
1408 2945 1487 3007 21.
1530 2959 1650 3006 quae
1689 2942 1831 3000 fama,
1854 2944 2042 3008 vulgata
2079 2944 2140 2993 de
2180 2942 2419 2992 reddenda
2438 2941 2754 2999 Demetriade
