3017 3633
261 387 340 430 et
327 382 821 445 (ἶιιιάῃιιιὶιᾱιιιιιὶιιιιι.ι
842 386 1016 438 actum
1031 383 1138 439 36,
1133 384 1224 431 42.
1253 383 1326 430 :de
1353 382 1569 445 Philippo
1601 384 1939 445 sociorumque
1984 385 2190 445 querelis
2229 393 2389 448 ageret

220 472 226 475 “
260 469 340 525 31,
362 470 406 516 3.
439 467 499 514 de
531 466 814 513 exercitibus
851 466 1093 515 consulum
1124 471 1281 514 ectum
1312 470 1390 526 31,
1413 470 1459 517 8.
1493 470 1570 527 39,
1593 471 1671 516 38.
1706 470 1784 525 46,
1803 470 1866 515 36
1886 475 1971 516 ter.
2003 485 2154 530 quum
2176 469 2237 514 de
2256 469 2384 516 bello

246 556 350 599 -οιιθ
371 552 457 598 de
452 567 579 612 pace
606 567 748 614 agere
778 552 892 600 velit
921 553 1013 608 31,
1032 554 1110 599 32.
1145 555 1209 598 'ut
1230 553 1296 599 de
1320 554 1554 607 mandatis
1597 558 1844 614 statuque
1859 554 2089 613 praesenti
2124 554 2268 599 Asiae
2312 555 2386 616 agi

247 640 483 695 mptum
514 641 590 681 est
614 638 813 693 335139.
854 635 1043 695 qui-*dez
1061 636 1285 682 ωοῶεαιῒο
1314 642 1506 697 agerent
1536 640 1616 694 33,
1638 640 1717 682 41.
1747 639 1833 694 34,
1861 638 1947 682 25.
1973 639 2292 696 supersedete
2325 639 2386 684 de

244 718 462 767 :amicitia
489 735 643 783 agere*
665 721 745 778 34,
756 720 842 766 59.
874 720 1197 782 persimilem
1222 721 1529 768 tentationem
1559 720 1781 768 Romanis
1814 722 1883 768 de.
1908 721 2092 768 duabus
2113 722 2382 770 civitatibus

260 803 340 867 agi
365 804 445 863 35,
483 805 553 852 17.
587 819 736 866 quum
767 804 827 850 de
855 803 1081 862 Euboea,
1111 806 1172 852 de
1193 805 1423 864 Achaeis,
1467 806 1528 851 de
1552 805 1748 853 Boeotia
1766 806 2186 867 .agebatur,·tum=
2234 822 2380 866 quum

259 889 329 934 de
359 888 593 935 Thessalis
625 888 778 950 'agitur
807 891 887 947 36,
906 891 955 936 7.
985 889 1053 934 ibi
1084 890 1144 935 'de
1178 889 1304 935 Eleis
1336 894 1388 934 et
1412 890 1481 936 de·
1494 890 1714 935 exulibus
1736 889 2380 936 Lacedaemoniorumresti-

249 973 639 1019 tuendis-'aetum
679 975 757 1029 36,
786 975 866 1019 35.
911 974 972 1018 de
1012 973 1187 1018 Aetolis
1223 974 1347 1032 (acta
1387 973 1439 1017 in
1480 978 1644 1017 senatu
1683 987 1760 1017 res
1804 975 1898 1029 est)
1924 976 2021 1030 37,
2056 977 2100 1019 1.
2144 975 2205 1018 de
2250 975 2381 1020 euim

257 1057 478 1117 praemiis
498 1058 664 1119 agitur
692 1057 770 1115 37,
790 1059 869 1103 54.
902 1057 961 1103 de
992 1057 1052 1102 iis
1089 1056 1256 1114 (ludis)
1289 1059 1394 1116 'post
1424 1057 1704 1118 legationem
1735 1056 1929 1101 demum
1959 1057 2010 1100 in
2032 1063 2194 1102 senatu
2216 1064 2377 1104 actmn

255 1142 334 1197 39,
357 1142 432 1187 22.
466 1140 629 1185 ibide
658 1139 1041 1186 Lacedaemoniis
1071 1142 1336 1198 actum>39,
1368 1142 1446 1186 35.
1488 1140 1602 1185 dum
1633 1140 1692 1185 de
1723 1139 1797 1185 his
1828 1141 1970 1187 rebus
2001 1141 2152 1203 agitur
2185 1144 2264 1200 41,
2302 1144 2378 1189 15.

255 1225 379 1270 inter
410 1241 461 1271 se
492 1226 582 1287 ipsi
617 1227 678 1271 de
708 1226 1048 1272 reconcilianda
1079 1227 1329 1272 concordia
1361 1227 1559 1288 agebant
1590 1228 1667 1284 41,
1702 1228 1778 1272 25.
1818 1228 1876 1272 de
1916 1228 2062 1272 rebus
2105 1242 2269 1289 agene,
2314 1229 2377 1274 de

255 1312 425 1372 quibus
455 1312 570 1358 nihil
599 1311 806 1358 mandati
837 1326 865 1357 a
895 1316 1026 1372 patre
1066 1311 1287 1369 haberet,
1330 1327 1418 1357 nec
1461 1312 1521 1357 de
1561 1326 1656 1371 qua
1696 1327 1751 1356 re
1794 1312 1943 1357 acturi
1991 1318 2153 1357 essent
2184 1314 2263 1370 42,
2294 1315 2374 1359 24.

255 1402 455 1459 utraque
493 1396 665 1459 legatio
706 1396 766 1441 de
805 1408 923 1456 pace
952 1378 1305 1441 'reconcilianda
1348 1410 1458 1441 cum
1484 1409 1599 1457 rege
1630 1394 1816 1442 Perseo-
1836 1395 1933 1459 egit
1961 1397 2041 1454 44,
2065 1397 2139 1443 14.
2180 1396 2271 1443 sicz
2315 1397 2376 1445 de

255 1482 495 1528 obsidibus
527 1479 807 1543 accipiendis
827 1478 1006 1541 ‚agebat
1038 1478 1119 1535 44,
1151 1479 1230 1535 25.
1263 1478 1324 1525 de
1355 1478 1548 1540 captivis
1580 1483 1737 1525 actum
1768 1495 1870 1527 esse
1901 1481 1980 1537 44,
1997 1480 2075 1539 27,
2109 1480 2149 1527 si
2181 1482 2240 1528 de
2271 1483 2373 1545 glo·-

252 1566 323 1611 ria
352 1571 535 1612 tantum
566 1569 786 1628 ageretur
815 1565 899 1621 45,
912 1564 993 1609 38.
1036 1562 1092 1608 L.
1128 1562 1401 1624 Scipionem
1432 1563 1492 1609 de
1524 1577 1620 1624 quo
1652 1568 1816 1625 agatur
1842 1568 1927 1610 etc.
1961 1565 2039 1622 38,
2060 1566 2138 1611 58.
2176 1566 2236 1612 de
2267 1567 2376 1628 qui-

251 1650 340 1694 bus
373 1650 683 1709 (civitatibus)
714 1649 785 1692 illi
814 1652 953 1709 agant
980 1648 1065 1702 39,
1082 1647 1165 1693 26.
1196 1647 1257 1690 de
1288 1646 1345 1690 iis
1377 1646 1613 1706 (captivis)
1645 1648 1868 1693 dedendis
1885 1660 2053 1710 magna
2074 1649 2372 1696 contentione

250 1740 404 1778 actum
434 1736 483 1778 in
512 1739 675 1779 senatu
707 1747 810 1777 esse
841 1734 919 1788 22,
951 1733 1031 1776 61.
1064 1732 1124 1775 de
1156 1731 1226 1774 iis.
1245 1735 1430 1774 tantum
1461 1733 1544 1791 qui
1575 1757 1641 1765 —
1670 1734 1906 1793 agendum
1938 1734 2191 1778 censebant
2220 1735 2269 1789 2,
2291 1736 2371 1791 29,

250 1819 298 1862 5.
329 1832 486 1878 neque
518 1818 768 1878 quicquam
806 1817 875 1860 de*
896 1830 954 1860 ea
984 1830 1038 1859 re
1069 1807 1225 1859 a'ctum
1257 1815 1336 1869 16,
1359 1815 1438 1859 47.
1472 1820 1526 1859 ut
1556 1830 1695 1877 agere
1728 1817 1788 1861 (le
1821 1831 1878 1860 ea
1910 1831 1963 1860 re
1995 1823 2153 1877 posset
2184 1820 2262 1875 45,
2295 1820 2373 1865 25.

250 1902 311 1947 de
340 1901 398 1947 iis
428 1902 575 1947 rebus
601 1901 656 1946 in
688 1905 854 1946 senatu
884 1903 1040 1945 actum
1072 1903 1143 1944 est
1175 1898 1255 1954 22,
1289 1898 1364 1944 25.
1397 1913 1504 1944 cum
1546 1899 1719 1960 quibus
1763 1901 1822 1945 de
1865 1900 2005 1946 rebus
2047 1903 2107 1947 ad
2139 1927 2201 1936 —
2233 1903 2374 1963 perti-

250 1987 470 2032 nentibus
511 1992 669 2048 ageret
698 1986 777 2042 37,
811 1986 890 2029 66.
932 1985 981 2029 ἱ(1
1013 1985 1072 2028 de
1115 1999 1210 2042 quo
1252 1983 1403 2044 agitur
1433 1983 1512 2040 34,
1546 1987 1591 2028 6.
1634 1985 1696 2027 de
1727 1999 1812 2039 ea,
1857 1987 1983 2044 quod
2016 2012 2080 2019 —
2111 1988 2185 2048 agi
2215 1988 2262 2043 3,
2293 1989 2375 2032 46.

249 2069 509 2129 Agitatam
539 2071 708 2115 dicitur
739 2070 799 2114 de
831 2065 1074 2114 consulum
1103 2068 1248 2112 caede
1280 2068 1325 2123 2,
1358 2067 1433 2112 32.
1479 2067 1701 2128 agitatum
1741 2068 1800 2111 de
1842 2069 1946 2130 lege
1987 2075 2058 2114 est
2104 2074 2151 2129 3,
2185 2073 2263 2117 29.
2312 2073 2372 2116 de

249 2170 395 2216 regno
428 2154 606 2217 agitare
636 2155 683 2210 4,
710 2155 783 2200 13.
815 2154 876 2199 de
908 2152 1076 2197 diebus
1107 2150 1334 2211 religiosis
1365 2150 1528 2211 agitari
1560 2156 1776 2210 coeptum
1809 2153 1857 2205 6,
1896 2155 1936 2198 1.
1982 2159 2170 2199 senatus
2203 2156 2262 2199 de
2294 2169 2371 2199 se-

243 2239 458 2286 cessione
489 2239 540 2286 in
572 2240 765 2286 domum
794 2238 1020 2300 privatam
1051 2233 1202 2296 plebis
1233 2234 1375 2296 agitat
1405 2235 1452 2293 9,
1471 2236 1548 2282 29.
1581 2236 1642 2282 de
1672 2239 2000 2295 persequendo
2037 2239 2172 2284 hoste
2207 2239 2372 2300 agitari

249 2325 468 2386 coeptum
503 2326 652 2383 9,·35.
684 2325 744 2372 de
776 2322 1009 2385 praesidio
1029 2319 1233 2382 regionis
1252 2319 1560 2381 depopulatae
1577 2321 1636 2366 ab
1660 2319 1949 2367 Samnitibus
1969 2321 2135 2384 agitari
2150 2329 2369 2384 coeptum

253 2411 327 2468 16,
349 2411 428 2455 21.
461 2411 521 2455 de
552 2409 662 2469 fuga
689 2409 889 2470 agitasse
923 2408 1002 2462 22,
1024 2407 1100 2450 43.
1133 2404 1293 2465 agitari
1324 2405 1384 2448 de
1422 2403 1550 2449 Oreo
1583 2406 1898 2466 oppugnando
1935 2411 2157 2467 coeptum
2189 2409 2266 2464 31,
2289 2408 2367 2453 46.

250 2495 311 2541 de
341 2493 596 2556 provinciis
628 2493 978 2555 magistratuum
1010 2488 1358 2549 designatorum
1399 2488 1563 2548 agitari
1603 2495 1824 2549 coeptum
1854 2495 1924 2535 est
1956 2492 2035 2547 35,
2069 2494 2146 2536 41.
2187 2492 2259 2536 De
2291 2507 2366 2547 eo,

244 2579 310 2627 de
341 2579 437 2640 quo
465 2576 709 2623 rettulistis
741 2575 900 2638 paucis
927 2588 1165 2636 peragam
1196 2573 1244 2630 9,
1266 2572 1313 2620 8.
1353 2572 1424 2619 De
1456 2587 1571 2633 pace
1603 2571 1815 2631 transigi>
1841 2574 2047 2633 potuisse
2068 2576 2113 2631 9,
2135 2576 2208 2621 45.
2230 2576 2367 2635 prius

247 2661 310 2709 de
343 2661 646 2724 'praetoribus
688 2664 918 2706 transacta
961 2672 1040 2705 res
1069 2656 1245 2713 32,-28.
1302 2656 1372 2702 De
1412 2656 1517 2701 iure
1558 2655 1834 2702 disserendo
1867 2659 1912 2714 2,
1945 2659 2023 2704 56.
2058 2673 2168 2705 cum
2200 2659 2368 2705 eadem

249 2759 398 2808 prope
440 2746 500 2791 de
541 2745 644 2791 iure
682 2749 873 2806 patrum
915 2756 971 2789 ac
1010 2740 1175 2804 plebis
1204 2739 1524 2786 disseruissent
1559 2739 1633 2798 16,
1662 2740 1705 2787 7.
1740 2741 1892 2787 multa
1937 2741 1998 2788 de
2041 2742 2367 2807 magnitudine

245 2829 435 2877 Etrusci
460 2830 579 2876 -belli
612 2829 827 2876 disseruit
865 2830 940 2886 16,
961 2828 1036 2875 21.
1071 2826 1172 2871 βίοι
1195 2825 1271 2882 16,
1288 2826 1367 2870 39.
1399 2826 1480 2881 26,
1504 2827 1583 2872 21.
1615 2828 1694 2883 35,
1717 2828 1759 2873 8.
1792 2827 1869 2883 36,
1891 2827 1971 2872 39.
2004 2828 2082 2885 37,
2105 2829 2183 2874 58.
2216 2829 2299 2886 39,
2320 2830 2368 2875 4.

249 2916 427 2973 4ὅ,·.4θ.
458 2916 538 2974 33,
563 2916 635 2962 12.
668 2916 748 2973 35,
770 2916 848 2961 33.
881 2913 962 2969 36,
984 2912 1066 2959 32.
1095 2912 1175 2968 36,
1207 2910 1287 2955 46.
1320 2910 1397 2967 44,
1433 2911 1504 2956 14.
1540 2912 1618 2970 44,
1651 2912 1727 2959 26.
1779 2911 1851 2956 De
1893 2927 1945 2957 se
1988 2929 2176 2974 quoque
2220 2929 2370 2975 pauca

249 2999 429 3049 adiecit
458 3001 537 3059 38,
562 3003 634 3049 12.
675 3000 930 3047 adiiceabat
961 2998 1022 3044 de
1056 2997 1177 3042 duce
1205 2993 1492 3054 Hannibale,
1538 3005 1647 3044 nato
1680 2997 1906 3044 adversus
1938 2997 2177 3047 Romanos
2216 3000 2367 3056 hoste,

2087 3086 2112 3123 4
