2970 3614
231 342 431 401 urai,
456 344 609 390 lanc
626 338 957 394 ”de-missione
983 345 1149 388 eorum
1169 341 1467 389 adamatum
1486 341 1939 403 scdptununssflzss.
1968 341 2079 387 flue
2095 340 2366 391 “flumin

245 426 432 474 videtur
461 427 540 473 hic
582 426 712 473 locus
725 444 739 473 ε
789 427 958 484 adicit,
1002 441 1031 472 a
1062 428 1299 474 Pisistrato
1340 427 1400 472 de
1436 441 1491 472 re
1522 441 1810 488 magnopere
1840 427 2105 486 pertinente
2148 427 2210 471 ad
2239 426 2366 472 Zeu-

232 509 443 571 lxippum
485 511 594 556 csse
620 511 816 569 8852&
846 523 1068 571 quocum
1116 510 1520 557 contemne-haec
1560 511 1624 556 de
1657 508 1919 556 Alexandri
1956 508 2207 570 Epirens'n
2244 510 2366 554 tristi

229 596 503 651 ‹natu-8,
530 595 609 641 24.
647 594 872 641 haec‘de
908 608 961 640 se
999 595 1153 657 dequo
1182 595 1453 657 provincia,
1498 594 1574 640 αὖ
1600 593 1875 655 praefuerat·
1902 595 2091 649 26,oe
2143 594 2364 640 ωδε

234 675 410 725 Prusia
440 678 589 725 nostri
618 678 870 741 scriptores
898 679 978 737 45,
1008 680 1091 727 44.
1128 676 1358 727 Rescribe
1381 678 1442 725 de
1471 675 2032 740 fiumento‘placuit20,
2053 677 2101 725 2.
2127 676 2366 725 -Lc’unus

232 761 443 808 Romam
467 764 533 810 ad
563 763 870 809 senatumne
898 764 1024 808 duce
1052 769 1111 809 et.
1132 765 1347 810 exercitu
1386 761 1446 810 ad
1477 763 1777 824 Herdoneam
1806 763 1983 808 amisso
2011 760 2176 808 scribit
2206 762 2285 819 27,
2316 764 2365 809 2.

240 846 439 893 Romam
468 847 642 894 litteras
678 847 740 893 (16
778 851 933 894 morte
960 848 1169 911 collegae
1188 848 1361 895 scribit
1389 849 1467 903 27,
1499 847 1577 894 29.
1621 861 1738 908 <pias
1779 847 1985 906 (literas)
2022 848 2090 892 de
2128 845 2272 891 rebus
2311 846 2361 891 in

239 930 375 977 Istria
406 931 549 992 gestis
582 931 828 993 scripserat
861 935 938 992 41,
966 935 1041 980 12.
1073 934 1258 979 litterae
1289 946 1480 994 quoque
1515 932 1575 977 de
1606 945 1659 976 re
1691 947 1916 992 prospere
1948 935 2080 995 gesta
2111 930 2282 977 missae
2313 932 2361 988 8,

239 1016 320 1060 30.
351 1015 519 1060 litteris
550 1016 702 1061 missis
733 1017 792 1061 (16
824 1018 963 1062 rebus
997 1019 1056 1062 ab
1093 1032 1145 1062 se
1175 1017 1314 1079 gestis
1348 1018 1424 1074 10,
1456 1017 1533 1061 44.
1583 1016 1760 1060 litteras
1800 1016 1983 1060 senatui
2025 1016 2086 1060 de
2124 1016 2270 1061 rebus
2302 1015 2361 1058 ab

239 1113 293 1145 se
323 1098 466 1161 gestis
500 1098 626 1145 misit
656 1101 734 1159 42,
768 1102 811 1146 8.
861 1116 921 1147 ex
963 1101 1130 1148 litteris
1170 1102 1232 1147 de
1270 1101 1394 1147 bene
1431 1104 1560 1162 gesta
1602 1099 1844 1160 republica
1884 1099 2040 1145 missis
2073 1101 2152 1157 42,
2185 1101 2232 1145 9.
2267 1098 2361 1144 sic:

237 1183 417 1229 litterae
447 1183 614 1229 missae
654 1198 715 1229 ex
755 1186 916 1231 castris
956 1185 1216 1232 afferuntur
1257 1187 1317 1230 de
1348 1185 1656 1229 Narniensum
1688 1186 1901 1244 equitum
1932 1185 2137 1229 adventu
2168 1184 2249 1240 27,
2281 1184 2359 1227 50.

237 1267 415 1312 litterae
446 1267 506 1313 de
536 1268 677 1313 rebus
707 1268 759 1312 in
792 1268 942 1315 Gallia
973 1284 1197 1331 prospere
1227 1269 1365 1331 gestis
1397 1269 1595 1314 Romam
1627 1273 1737 1313 sunt
1768 1269 1931 1314 allatae
1962 1268 2040 1325 32,
2063 1270 2142 1314 31.
2174 1267 2363 1312 litterae

237 1351 399 1396 allatae
431 1356 537 1396 sunt
568 1351 625 1395 L.
660 1351 863 1396 Cornelii
894 1354 954 1397 de
984 1353 1163 1412 proelio
1199 1353 1260 1397 ad
1286 1353 1514 1397 Mutinam
1545 1368 1655 1397 cum
1675 1353 1804 1397 Boiis
1835 1351 1960 1398 facto
1991 1353 2071 1409 35,
2093 1353 2141 1396 6.
2174 1352 2359 1396 litterae

236 1435 401 1480 allatae
443 1435 503 1479 de
543 1434 701 1480 navali
740 1451 897 1497 pugna
937 1436 1063 1495 apud
1102 1434 1414 1494 Myonnesum
1452 1434 1572 1480 facta
1602 1436 1681 1491 37,
1714 1435 1793 1480 47.
1837 1436 1897 1480 (16
1936 1436 2078 1480 rebus
2118 1436 2177 1480 ad
2209 1435 2358 1480 Lace-

237 1518 518 1564 daemonem
548 1518 689 1581 gestis
721 1518 904 1565 litterae
935 1518 1098 1564 allatae
1130 1519 1209 1575 34,
1241 1518 1319 1564 42.
1360 1518 1487 1564 haud
1530 1519 1596 1564 ita
1636 1519 1786 1564 multo
1819 1524 1928 1578 post
1961 1520 2023 1564 de
2056 1520 2204 1565 altero
2234 1519 2358 1564 Mas-

236 1601 427 1649 sinissae
447 1601 550 1648 «filio
581 1602 819 1665 Misagene
851 1603 1033 1649 litterae
1064 1602 1228 1648 allatae
1258 1606 1369 1647 sunt
1389 1602 1467 1659 45,
1492 1603 1566 1648 14.
1597 1587 1781 1648 litterae
1815 1602 1875 1647 ab
1897 1608 2063 1648 senatu
2082 1604 2142 1649 de
2162 1602 2357 1650 transitu

227 1687 287 1731 in
314 1687 499 1732 Italiam
531 1687 807 1733 Hannibalis
839 1687 1089 1731 traduntur
1119 1687 1200 1743 21,
1232 1687 1310 1732 51.
1351 1687 1519 1732 litteris
1553 1687 1756 1749 acceptis
1800 1688 1860 1732 de
1901 1688 2096 1734 remissa
2135 1688 2356 1733 interces-

236 1771 368 1816 sione
394 1771 473 1828 39,
507 1772 553 1816 5.
599 1772 766 1816 litteris
796 1771 1035 1833 hospitum
1067 1772 1127 1816 de
1159 1776 1346 1817 senatus
1373 1772 1582 1827 consulto
1613 1773 1816 1833 acceptis
1843 1772 1922 1829 39,
1958 1772 2033 1817 17.
2077 1774 2261 1819 litterae
2291 1772 2354 1816 M.

234 1854 442 1901 Marcelli
469 1855 530 1901 de
561 1855 803 1915 postulatis
827 1855 1034 1901 militum
1059 1857 1110 1901 in
1135 1862 1298 1903 senatu
1328 1856 1549 1902 recitatae
1574 1861 1685 1901 sunt
1712 1857 1789 1912 25,
1821 1858 1867 1901 5.
1914 1858 2079 1903 litteris
2113 1858 2172 1902 de
2201 1862 2358 1902 morte

234 1938 552 2002 propraetoris
580 1938 784 1985 recitatis
814 1939 893 1996 39,
930 1940 1011 1986 21.

348 2023 434 2073 ‚De
465 2022 644 2071 auxilio
674 2023 905 2071 mittendo
936 2029 1036 2071 tum
1075 2022 1351 2085 responderi
1390 2022 1579 2085 placere
1610 2024 1690 2080 31,
1720 2025 1763 2071 5.
1815 2024 1955 2087 Regis
1987 2026 2134 2088 ipsius
2166 2027 2227 2073 (16
2258 2026 2353 2073 sin·-

234 2108 354 2171 gulis
384 2122 619 2171 responsa
650 2107 860 2170 accipere
891 2108 970 2167 39,
1001 2108 1076 2155 47.
1120 2107 1239 2153 intra
1271 2122 1414 2168 quam
1457 2107 1625 2167 (diem)
1660 2109 1720 2155 de
1761 2109 2113 2157 condicionibus
2154 2109 2352 2170 peractis

180 2231 182 2233 ,
234 2206 511 2255 responsum
546 2192 775 2255 acciperet
805 2193 882 2251 45,
918 2194 990 2239 11.
1033 2190 1093 2237 (16
1131 2189 1367 2238 frumento
1405 2191 1615 2253 utrisque
1656 2206 1935 2254 responsum
1966 2218 2029 2227 —
2060 2193 2121 2241 de
2151 2192 2353 2256 pecunia

232 2278 349 2325 item
382 2291 657 2340 responsum
687 2278 764 2335 36,
787 2278 832 2322 4.
876 2276 1070 2339 Septem
1102 2275 1258 2321 Latini
1289 2275 1440 2337 (libri)
1473 2276 1533 2322 de
1563 2276 1667 2323 iure
1699 2275 1939 2339 pontificio
1970 2281 2128 2338 erant,
2171 2281 2349 2340 septem

235 2363 404 2411 Graeci
435 2364 495 2407 de
528 2363 769 2424 disciplina
800 2362 1051 2424 sapientiae
1082 2363 1161 2419 40,
1191 2362 1270 2408 29.
1311 2375 1516 2423 quocum
1556 2360 1790 2407 conteras:
1833 2366 1885 2406 ut
1917 2361 2174 2409 decemviri
2205 2362 2349 2408 libros

233 2449 295 2493 (16
325 2447 448 2491 ludis
479 2447 688 2507 Apollini
719 2462 866 2508 reque
898 2448 1051 2493 divina
1080 2446 1291 2491 facienda
1321 2446 1605 2506 inspicerent
1636 2448 1714 2504 25,
1740 2448 1812 2492 12·
1844 2453 1917 2492 et:
1951 2449 2080 2493 adire
2111 2448 2254 2492 libros
2286 2447 2348 2492 (16

233 2537 450 2593 portento
481 2547 540 2577 eo
570 2532 803 2578 iusserunt
832 2534 909 2588 31,
947 2534 1020 2578 12.
1071 2531 1201 2590 Quae
1243 2533 1303 2576 de
1333 2531 1543 2576 Marcelli
1585 2538 1736 2576 morte
1775 2533 1978 2576 variant
2017 2538 2234 2577 auctores
2264 2534 2347 2586 27,

230 2615 310 2664 27.
351 2614 423 2661 1)6
453 2629 532 2662 me
563 2614 663 2676 ipso
695 2621 827 2662 taceo
858 2604 937 2670 28,
957 2616 1032 2662 27.
1084 2614 1154 2660 Ι)6
1193 2615 1414 2676 magistro
1445 2615 1658 2675 equitum
1689 2615 1854 2661 celavit
1884 2617 1932 2670 9,
1965 2616 2043 2661 23.
2093 2614 2349 2662 Silentium

234 2700 297 2745 de
327 2699 431 2761 lege
463 2705 564 2746 erat
594 2701 643 2756 3,
664 2701 743 2746 24.
776 2700 1010 2745 silentium
1041 2700 1099 2744 de
1134 2699 1477 2745 Privernatibus
1509 2698 1595 2744 fuit
1626 2701 1672 2757 8,
1695 2701 1772 2745 20.
1804 2701 1862 2744 (16
1884 2700 2082 2747 comitiis
2112 2700 2350 2747 silentium

234 2781 323 2832 fuit
353 2784 431 2839 23,
453 2785 527 2830 31.
575 2785 634 2830 Ut
665 2798 784 2845 quae
815 2784 1125 2830 communiter
1156 2784 1217 2828 de
1247 2783 1537 2829 immanitate
1569 2785 1720 2845 gentis
1752 2784 2020 2843 Gallorum,
2052 2786 2112 2831 de
2143 2785 2351 2831 infestis-

234 2866 353 2914 simo
386 2868 496 2915 odio
526 2868 577 2914 in
615 2884 789 2915 nomen
819 2867 1083 2915 Romanum
1126 2867 1276 2925 scitis,
1331 2883 1386 2914 ea
1430 2869 1491 2915 de
1533 2870 1624 2915 illis
1667 2884 1858 2929 quoque
1902 2871 2161 2916 existimate
2203 2870 2348 2917 Gallis

233 2953 312 3011 38,
340 2952 419 2999 47.
460 2953 500 2999 si
542 2953 660 3001 scire
703 2969 814 3001 vera
857 2953 1012 2999 omnia
1051 2953 1201 3013 possis
1244 2954 1304 2999 de
1344 2953 1449 3000 filiis
1480 2955 1571 3000 tuis
1602 2956 1679 3009 40,
1708 2955 1786 2999 55.
1848 2956 1897 3001 Ρ.
1940 2955 2175 3017 Scipionis
2218 2957 2350 3003 velut
