2990 3624
0 3547 161 3624 m&

663 373 747 417 bes
778 372 859 426 36,
895 371 940 417 7.
974 368 1052 429 qui
1082 370 1304 425 tanquam
1338 365 1397 408 de
1426 363 1607 425 integra
1634 376 1712 419 re,
1759 363 1818 408 de
1853 361 2004 408 Africa
2035 358 2280 422 provincia
2306 366 2588 412 'sententiam
2609 366 2787 414 ‘dixerit

664 458 744 514 28,
773 457 852 501 40.
891 454 947 498 (16
976 450 1269 513 singulorum
1301 448 1453 509 capite
1488 448 1625 495 vobis
1652 447 1726 492 ius
1758 447 2018 493 sententiae
2049 447 2295 496 dicendae‘
2314 450 2492 498 faciam
2505 453 2594 509 ¹²23,
2620 452 2790 499 ἕν’-6163

666 543 747 596 26,
776 543 853 586 33.
898 538 974 593 28,
1008 538 1087 582 45.
1129 538 1204 591 35,
1239 537 1312 581 42.
1354 537 1433 590 38,
1468 536 1545 580 52.
1605 533 1734 590 ‘Quid
1775 533 1835 578 de
1864 532 2053 578 Nabidis
2087 534 2211 579 bello
2250 536 2463 595 placeret
2497 538 2575 594 34,
2603 537 2681 584 24.
2727 538 2789 584 Ut

665 631 787 670 tanto
819 621 879 666 de
910 636 962 664 se
992 634 1219 665 consensu
1251 618 1447 663 civitatis
1473 617 1747 678 opinionem
1775 621 2066 660 constantem
2100 616 2271 662 efficiat
2303 620 2349 675 6,
2376 623 2424 665 6.
2468 636 2572 666 eam
2605 621 2790 682 opinio·-

665 722 775 752 nem
809 706 868 751 de
901 704 1059 749 Attalo
1101 707 1148 747 et
1180 701 1392 747 Eumene
1437 707 1658 761 tanquam
1701 702 1762 746 de
1805 701 1950 746 altero
1992 700 2214 748 Romanis
2251 708 2379 748 certo
2418 706 2594 762 amico,
2638 705 2788 751 altero

662 806 751 835 nec
783 789 1006 834 Romanis
1037 802 1127 831 nec
1158 787 1289 830 Persi
1321 786 1416 830 fido
1450 787 1580 830 socio
1613 767 1691 841 45,
1729 786 1802 829 19.
1837 784 1996 843 opinio
2026 798 2149 844 quae
2179 788 2239 832 de
2271 787 2491 832 Romanis
2523 789 2789 849 Aetolisque

666 880 788 920 esset
821 875 900 928 34,
934 874 1009 917 24.
1063 872 1146 916 Est
1178 875 1341 915 tamen
1373 870 1565 930 aliquod
1597 874 1644 915 et
1676 874 1887 914 nostrum
1933 869 1992 914 de
2033 870 2171 915 nobis
2210 869 2443 915 iudicium
2475 871 2553 928 45,
2586 873 2665 917 24.
2705 886 2790 918 ve-
2855 919 2858 922 ,

665 960 763 1004 rius
798 961 857 1002 (16
890 971 1025 1002 causa
1057 955 1424 999 existimaturos
1459 968 1561 998 esse
1593 956 1670 1010 31,
1701 956 1780 998 48.
1813 969 1908 998 non
1941 954 2100 998 militis
2132 954 2191 998 (16
2223 955 2507 1016 imperatore
2537 953 2790 999 existima-

666 1045 845 1090 tionem
896 1056 999 1086 esse
1041 1042 1090 1097 4,
1132 1042 1209 1085 41.
1267 1039 1349 1098 qui
1388 1039 1505 1082 nihil
1547 1043 1879 1098 praeterquam
1923 1040 1983 1083 (16
2026 1039 2239 1084 libertate
2285 1040 2489 1098 cogitent
2531 1043 2576 1097 8,
2606 1041 2682 1085 21.
2731 1040 2790 1083 (16

672 1142 785 1189 pace
829 1141 937 1172 cum
984 1123 1434 1186 Carthaginiensibus
1467 1123 1702 1184 iungenda
1736 1123 2016 1183 cogitaturos
2048 1123 2127 1180 27,
2160 1124 2206 1168 9.
2250 1141 2395 1184 quum
2437 1125 2495 1170 (16
2533 1124 2659 1169 bello
2697 1117 2790 1169 Ro—

663 1227 805 1257 mano
840 1210 1062 1271 cogitabis
1096 1211 1176 1263 35,
1215 1210 1288 1253 19.
1324 1208 1575 1268 cogitarent
1613 1208 1672 1252 de
1705 1209 1907 1268 petenda
1942 1209 2001 1253 ab
2035 1213 2196 1253 senatu
2230 1210 2403 1254 erroris
2433 1210 2572 1255 venia
2607 1210 2683 1265 36,
2711 1208 2789 1258 22.

662 1303 714 1343 ut
747 1298 806 1341 de
838 1308 991 1354 poena
1024 1293 1126 1337 eius
1168 1293 1314 1353 magis
1358 1307 1499 1351 quam
1545 1293 1603 1336 de
1648 1292 1851 1337 amicitia
1891 1293 2186 1354 cogitandum
2228 1293 2286 1337 sit
2329 1295 2406 1349 38,
2444 1295 2518 1338 14.
2562 1309 2689 1339 nuuc
2730 1294 2791 1340 de

663 1397 720 1427 eo
755 1379 957 1438 cogitare
991 1377 1310 1437 periculosum
1343 1377 1528 1421 videtur
1561 1377 1639 1431 41,
1663 1377 1736 1421 23.
1767 1376 1880 1436 ipsis
1903 1376 2124 1422 Romanis
2157 1378 2216 1421 (16
2238 1392 2287 1423 se
2310 1378 2602 1439 cogitandum
2626 1378 2792 1425 fuisset

663 1468 742 1523 44,
777 1464 852 1509 27.
892 1478 1033 1522 quam
1065 1477 1166 1505 rem
1200 1466 1385 1506 senatus
1418 1459 1718 1519 populusque
1755 1460 1995 1506 Romanus
2029 1463 2088 1507 de
2120 1462 2362 1522 republica
2399 1463 2552 1521 deque
2584 1464 2791 1510 ineundo

665 1565 792 1595 novo
834 1546 958 1591 bello
1006 1545 1059 1589 in
1104 1544 1270 1589 animo
1319 1544 1513 1588 haberet
1545 1545 1622 1600 31,
1658 1544 1705 1589 5.
1749 1545 1880 1604 quod
1923 1549 2107 1591 senatus
2148 1546 2208 1590 de
2239 1559 2364 1592 novo
2397 1546 2519 1593 bello
2552 1547 2602 1592 in
2634 1547 2793 1595 animo

665 1636 862 1680 haberet
895 1634 973 1685 36,
1012 1633 1054 1674 1.
1087 1630 1447 1686 Interrogando
1480 1629 1541 1671 de
1575 1629 1767 1689 singulis
1798 1643 1920 1688 quae
1963 1628 2232 1675 ferebantur
2275 1631 2335 1676 ad
2378 1631 2604 1693 populum
2636 1634 2681 1690 6,
2716 1634 2790 1678 36.

667 1721 726 1763 (16
759 1719 834 1761 his
879 1716 1021 1758 rebus
1069 1714 1343 1774 interrogati
1376 1714 1456 1768 30,
1494 1713 1572 1755 42.
1623 1712 1729 1755 satis
1774 1713 1833 1757 de
1875 1714 2076 1758 Aebutio
2116 1716 2424 1777 exploratum
2465 1721 2591 1762 ratus
2634 1717 2794 1762 consul

667 1805 745 1859 39,
790 1803 863 1847 12.
919 1801 1264 1843 Permcnctaeus
1298 1798 1356 1841 de
1389 1801 1510 1840 statu
1548 1797 1660 1841 belli
1693 1800 1771 1853 36,
1806 1800 1883 1843 42.
1929 1804 2251 1858 percunctatus
2295 1801 2494 1861 regionis
2526 1801 2701 1860 peritos
2734 1802 2794 1847 de

670 1902 866 1933 ascensu
899 1883 1066 1928 Haemi
1099 1885 1176 1939 40,
1212 1885 1285 1928 21.
1338 1882 1409 1926 De
1442 1882 1537 1926 istis
1569 1882 1712 1925 rebus
1746 1882 1794 1925 in
1837 1883 1984 1942 patria
2016 1884 2218 1928 maiores
2260 1890 2371 1929 natu
2416 1886 2715 1930 consulemus
2749 1888 2792 1942 1,

670 1974 749 2017 32.
781 1971 1033 2029 impetrato
1066 1973 1117 2011 ut
1157 1968 1215 2012 de
1249 1981 1303 2012 ea
1336 1981 1387 2011 re
1419 1965 1597 2011 consuli
1641 1970 1859 2011 senatum
1903 1966 2074 2012 sineret
2106 1968 2155 2023 9,
2193 1969 2263 2013 16.
2306 1969 2435 2012 nulla
2468 1969 2526 2013 (16
2558 1984 2609 2014 re
2642 1985 2794 2031 neque

669 2054 913 2102 convocati
947 2069 1099 2113 neque
1139 2052 1336 2098 consulti
1378 2051 1565 2096 fuerant
1596 2052 1675 2105 24,
1710 2052 1789 2097 22.
1833 2051 1899 2097 sic
1943 2047 2216 2097 consulendi
2257 2053 2453 2098 verbum
2486 2055 2562 2110 34,
2597 2055 2673 2101 22.
2715 2057 2793 2112 38,

669 2142 742 2187 45.
777 2141 855 2195 40,
894 2139 968 2184 17.
1003 2139 1048 2192 6,
1086 2139 1123 2182 1.
1158 2138 1234 2195 22,
1272 2138 1314 2182 1.
1348 2138 1426 2194 45,
1464 2138 1538 2182 16.
1572 2138 1651 2194 23,
1686 2138 1732 2182 3.
1766 2137 1844 2193 24,
1882 2137 1957 2182 14.
1992 2138 2073 2192 24,
2103 2139 2178 2183 43.
2223 2139 2300 2194 45,
2335 2139 2412 2183 21.
2446 2139 2524 2194 25,
2556 2140 2603 2184 7.
2636 2141 2713 2197 26,
2743 2142 2792 2185 ’1.

669 2228 748 2282 26,
783 2225 859 2269 30.
890 2224 968 2277 42,
1001 2223 1078 2268 24.
1112 2224 1188 2279 31,
1222 2223 1269 2267 5.
1303 2224 1380 2278 38,
1416 2222 1493 2268 35.
1527 2223 1606 2278 41,
1645 2222 1719 2266 14.
1767 2221 1844 2277 23,
1878 2222 1958 2267 24.
2000 2223 2080 2277 38,
2115 2222 2192 2267 37.
2236 2223 2312 2280 36,
2349 2222 2393 2267 3.
2438 2223 2483 2280 8,
2517 2224 2591 2268 20.
2639 2225 2682 2281 1,
2720 2226 2795 2270 18.

668 2311 714 2365 7,
749 2311 795 2354 6.
832 2309 877 2362 3,
911 2307 987 2350 41.
1015 2307 1060 2360 4,
1096 2308 1169 2350 17.
1201 2308 1248 2361 7,
1284 2306 1359 2349 30.
1392 2307 1438 2361 9,
1471 2308 1546 2352 26.
1592 2307 1670 2362 22,
1704 2307 1766 2351 55
1800 2305 1887 2349 bis.
1930 2305 2011 2363 23,
2049 2308 2144 2351 13..
2170 2306 2247 2362 26,
2280 2308 2359 2352 22.
2404 2307 2480 2363 26,
2514 2307 2592 2352 34.
2623 2309 2725 2364 27,Ι
2747 2310 2794 2355 5.

666 2395 747 2447 28,
783 2392 857 2437 29.
904 2391 981 2446 28,
1016 2391 1090 2434 40.
1133 2391 1209 2445 35,
1245 2391 1318 2435 25.
1362 2390 1438 2446 38,
1473 2391 1549 2434 46.
1612 2390 1682 2434 ne
1726 2403 1859 2449 paee.
1887 2389 1952 2434 uti
1999 2396 2201 2448 rogatae
2253 2395 2387 2435 erant
2439 2379 2604 2437 omnes
2643 2392 2794 2438 tribas

664 2478 903 2522 iusserunt
930 2475 1012 2529 20,
1033 2474 1112 2517 43.
1162 2470 1375 2532 Rogatio
1410 2488 1530 2534 quae
1564 2474 1622 2519 de
1655 2473 1896 2534 triumpho
1929 2474 2030 2520 eius
2060 2473 2261 2521 ferretur
2290 2475 2371 2531 45,
2393 2476 2469 2521 35.
2502 2464 2794 2537 rogationem

665 2563 724 2607 de
767 2560 1069 2622 publicandis
1103 2558 1238 2605 bonis
1280 2559 1437 2606 Servii
1478 2559 1651 2605 Ahalae
1681 2559 1853 2605 tulerat
1883 2561 1931 2617 4,
1964 2561 2043 2606 21.
2083 2560 2460 2607 laturum-‘fuisse
2500 2561 2561 2606 de
2590 2560 2647 2618 Q.
2680 2553 2794 2607 Favi

664 2646 891 2708 imperio:
939 2658 1063 2689 nunc
1105 2644 1344 2689 modIcam
1369 2642 1674 2706 >rogationem
1728 2644 2137 2707 promulgaturum
2181 2645 2241 2691 (16
2300 2644 2544 2707 aequando
2578 2632 2795 2707 mugiat&

665 2732 881 2792 equitum
914 2735 963 2775 et
994 2728 1234 2774 dictatoris
1263 2729 1365 2773 iure
1388 2730 1570 2787 22,·25.
1602 2730 2230 2794 rogationessspromtfiga‘vite
2266 2720 2411 2776 unam
2432 2728 2493 2774 de
2513 2728 2793 2778 tabulis‘noss-

668 2817 766 2873 vis,
801 2817 994 2861 alteram
1013 2815 1085 2858 'de
1117 2810 1438 2876 agro'fviritim
1470 2816 1724 2861 dividendo
1755 2816 2254 2878 32,·38.·'r0gntionem
2279 2827 2428 2873 quam
2460 2813 2795 2876 denssurffinx

668 2900 835 2944 deditis
864 2899 1164 2960 promulgare
1196 2899 1246 2943 in
1270 2899 1437 2946 animo
1470 2899 1705 2946 habebant
1736 2901 1815 2957 42,
1842 2900 1927 2946 *21.
1961 2895 2243 2961 quibuscum
2262 2908 2542 2960 'comparest
2575 2906 2653 2946 ‘eo'
2673 2905 2794 2947 tem-

538 2989 576 3050 *3
668 2998 787 3045 pore
817 2992 913 3043 quo
945 2983 1292 3043 promulgatum
1324 2986 1384 3031 (16
1405 2985 1564 3031 ‘multa‘
1596 2985 1697 3031 eius
1728 2984 1931 3031 traditur
1961 2981 2121 3042 6,·38.
2153 2987 2222 3028 et:
2257 2983 2318 3028 (16
2336 2980 2609 3028 ‘Formianis
2643 2981 2794 3031 muni-
