2980 3633
669 220 763 283 18

675 368 757 414 69.
794 368 873 426 19,
900 369 947 414 s.
978 374 1068 413 ter.
1102 367 1179 424 21,
1206 365 1257 410 6.
1289 362 1372 421 22,
1403 364 1448 409 1.
1479 363 1559 422 26,
1593 363 1670 422 11,
1706 363 1803 423 υ)
1833 363 1914 422 22,
1944 364 2033 411 οι.
2055 362 2138 422 ss,
2168 365 2247 413 ιο.
2287 364 2366 425 ss,
2389 366 2462 413 16.
2498 361 2580 424 as,
2606 366 2684 413 66.
2713 348 2794 424 2⁵,

676 455 723 500 ²4.
754 453 836 512 26,
866 453 899 499 2
925 450 1011 496 bis.
1044 449 1124 510 28,
1149 450 1228 497 39.
1270 450 1351 508 28,
1376 449 1452 496 45.
1494 448 1574 507 29,
1607 447 1684 495 29.
1729 448 1809 507 39,
1842 448 1919 496 21.
1956 449 2036 508 31,
2062 450 2112 496 4.
2145 449 2229 508 31,
2258 448 2337 498 25.
2376 451 2456 510 32,
2487 450 2566 499 22.
2607 447 2793 509 33,-16.

676 539 760 598 3Ἷ,
785 538 858 584 59.
889 536 968 594 38,
996 536 1075 584 44.
1106 536 1185 593 38,
1218 535 1297 581 42.
1329 535 1409 591 39,
1434 534 1514 580 35.
1546 533 1625 590 39,
1652 532 1731 579 38.
1762 534 1842 592 39,
1868 533 1951 580 45.
1982 533 2062 593 42,
2092 535 2156 580 19
2181 532 2272 581 bis.
2301 537 2383 596 42,
2411 538 2492 583 21.
2531 537 2613 583 42.
2640 537 2685 581 1.
2714 534 2794 594 43,

681 625 742 670 12
770 622 859 667 bis.
893 621 973 678 44,
1003 621 1078 666 19.
1112 621 1191 677 44,
1218 619 1298 666 21.
1330 620 1411 675 45,
1441 619 1487 665 2.
1520 619 1600 674 45,
1636 617 1712 663 16.

805 704 1003 752 Relatio
1034 705 1237 751 consulis
1269 704 1330 751 (16
1355 713 1539 750 summa
1567 713 1733 749 rerum
1759 703 1810 761 8,
1840 702 1916 750 14.
1944 712 2252 752 communem
2279 718 2331 752 ‘se
2353 704 2631 753 relationem
2657 705 2718 752 (16
2737 716 2795 752 e·

673 790 777 837 fieri
807 801 904 836 non
932 798 1149 851 passuros
1176 788 1256 847 33,
1282 789 1362 836 22.
1395 787 1639 835 consulum
1663 786 1723 834 de
1752 786 2003 848 provinciis
2028 789 2291 837 communis
2319 787 2488 836 relatio
2512 788 2600 836 hit
2618 789 2793 849 2⁶52&

674 875 869 922 Aetolos
896 875 954 920 de
986 873 1208 920 Pharsalo
1232 877 1281 920 et
1308 873 1525 919 Leucade
1546 872 1854 934 postulante·
1878 873 1944 918 ad
1974 875 2192 919 senatum
2214 873 2474 921 reiecerunt
2499 871 2582 931 33,
2609 874 2689 921 34.
2719 873 2794 921 De

676 961 878 1006 Malloea
905 964 953 1004 et
982 957 1189 1004 Ericinio
1213 951 1384 1005 eadem
1399 957 1670 1018 postulatio
1696 962 1799 1003 erat
1821 956 1903 1015 39,
1928 956 2012 1003 25.

806 1043 925 1088 Cum
957 1043 1130 1102 quibus
1158 1044 1215 1087 (16
1249 1031 1437 1092 sumnila
1469 1054 1630 1087 rerum
1675 1041 1959 1087 deliberaret
1986 1042 2067 1101 36,
2092 1043 2140 1087 6.
2183 1047 2239 1087 ut
2276 1040 2537 1088 deliberare
2568 1043 2628 1089 (16
2669 1049 2793 1090 statu

676 1142 837 1175 rerum
871 1140 1066 1173 suarum
1092 1130 1250 1189 posset
1279 1127 1364 1184 44,
1390 1126 1470 1172 31.
1514 1139 1609 1172 non
1642 1125 1769 1173 enim
1802 1125 1862 1173 (16
1893 1126 2019 1174 bello
2046 1124 2315 1174 deliberatis
2337 1128 2417 1186 45,
2445 1126 2525 1174 24.
2576 1126 2792 1175 Ceterum

676 1211 1012 1257 deliberationi
1033 1213 1092 1256 de
1123 1212 1331 1257 maxima
1355 1212 1548 1272 quidem
1578 1211 1658 1255 illa
1689 1211 1772 1256 sed
1796 1215 1956 1257 tamen
1979 1216 2116 1273 parte
2148 1209 2347 1258 civitatis
2375 1218 2561 1258 metum
2580 1223 2668 1274 pro
2687 1212 2795 1258 uni·

673 1310 811 1342 versa
842 1310 895 1341 re
921 1295 1107 1355 publica
1133 1297 1437 1341 intervenisse
1466 1297 1512 1351 2,
1546 1296 1630 1340 24.
1672 1295 1820 1340 tenuit
1858 1308 1973 1340 eum
2010 1296 2072 1341 de
2109 1293 2371 1341 Hannibale
2409 1297 2682 1342 deliberatio
2711 1297 2794 1354 35,

677 1380 757 1427 42.
798 1379 882 1425 llis
913 1379 1139 1426 addamus
1169 1380 1350 1427 consilii
1374 1377 1680 1426 vocabulum:
1725 1379 1960 1426 Volutanti
1996 1379 2079 1424 diu
2110 1379 2314 1426 consilia
2345 1382 2405 1427 de
2430 1380 2644 1427 Romano
2669 1378 2795 1427 beno

677 1464 759 1523 34,
784 1464 864 1510 69.
899 1462 959 1509 (16
986 1464 1279 1524 insequendo
1315 1479 1372 1510 eo
1406 1463 1636 1525 (agmine)
1668 1460 1865 1509 consilia
1907 1460 2070 1525 agitari
2097 1468 2263 1525 coepta
2287 1465 2366 1523 22,
2394 1465 2473 1511 43.
2509 1464 2704 1512 consilia
2734 1464 2796 1510 (16

677 1549 893 1595 libertate
922 1547 1145 1594 Graeciae
1178 1548 1499 1594 tractabantur
1529 1543 1610 1606 33,
1634 1548 1718 1593 31.
1754 1547 1952 1594 consilia
1980 1547 2227 1594 consenuit
2259 1551 2319 1595 de
2345 1549 2557 1596 Romano
2591 1549 2716 1595 bello
2741 1549 2794 1606 2,

680 1634 757 1680 35.
796 1633 989 1680 consilia
1015 1632 1132 1678 inita
1157 1634 1218 1679 de
1244 1647 1388 1695 regno
1416 1633 1467 1689 4,
1501 1633 1576 1678 15.
1610 1632 1803 1678 consilia
1835 1632 2016 1679 occulta
2046 1633 2107 1678 de
2139 1634 2284 1680 caede
2316 1633 2584 1696 principum
2611 1639 2663 1679 et
2679 1645 2792 1695 puo-

676 1718 857 1764 ditione
883 1717 1016 1763 urbis
1053 1714 1289 1763 inibantur
1321 1717 1401 1772 23,
1433 1717 1508 1762 39.
1554 1717 1613 1761 (16
1637 1716 1772 1762 ‘bello
1794 1716 1907 1762 inde
1945 1717 2193 1763 consilium
2224 1718 2436 1764 habitum
2462 1718 2542 1777 2⁸1,
2564 1718 2647 1765 29.
2678 1730 2794 1764 con·

676 1802 833 1848 silium
866 1802 926 1847 (16
956 1800 1083 1846 bello
1110 1799 1323 1846 Romano
1351 1799 1512 1846 habuit
1536 1800 1615 1858 35,
1644 1800 1721 1847 1¹1.
1750 1796 1841 1847 sic:
1868 1800 1949 1859 41,
1975 1801 2020 1847 1.
2046 1801 2126 1859 42,
2148 1802 2223 1847 62.
2253 1801 2334 1860 22,
2356 1800 2435 1848 43.
2459 1802 2538 1860 28,
2551 1802 2631 1848 26.
2647 1802 2727 1859 49,
2745 1802 2793 1848 5.

676 1886 748 1931 Ι)6
781 1901 840 1931 eo
869 1884 1064 1946 pavidos
1091 1884 1314 1930 Ardeates
1348 1885 1619 1929 cons-altare
1642 1885 1694 1942 5,
1727 1884 1802 1930 43.
1846 1884 1949 1946 ipse
1978 1884 2040 1930 ad
2083 1878 2438 1932 consultandux'n
2471 1886 2532 1932 de
2563 1886 2691 1933 bello
2715 1897 2795 1933 re·

681 1970 765 2014 ‹liit
799 1971 875 2026 19,
908 1970 985 2014 25.
1036 1969 1096 2013 (16
1138 1970 1275 2014 hoste
1306 1968 1465 2015 Poeno
1506 1968 1862 2014 consultandum
1902 1972 2047 2029 utque
2079 1967 2355 2030 agitandum
2398 1968 2478 2027 23,
2506 1969 2586 2015 25.
2631 1968 2701 2014 ibi
2732 1969 2793 2015 de

678 2066 863 2098 summa
894 2053 1135 2113 republica
1162 2053 1471 2099 consultatum
1494 2052 1573 2108 26,
1607 2052 1681 2097 10.
1713 2034 1782 2096 'aa
1808 2051 2170 2097 consuendum
2203 2051 2263 2096 ‹10
2295 2064 2478 2097 summa
2504 2051 2613 2096 bem
2641 2052 2720 2109 28,
2744 2053 2792 2098 6

678 2136 1002 2182 consultabunt
1031 2138 1091 2182 de
1119 2137 1242 2183 bello
1269 2137 1488 2183 adversus
1506 2160 1565 2170 —
1585 2135 1665 2190 31,
1684 2134 1763 2181 25.
1797 2135 2109 2181 consultatum
2138 2134 2198 2180 de
2219 2133 2554 2182 Thessalorum
2569 2141 2705 2199 gente
2721 2141 2795 2183 est

675 2219 757 2278 36,
790 2220 838 2264 6.
870 2220 956 2266 sic:
988 2222 1067 2280 36,
1101 2223 1174 2268 14.
1205 2222 1287 2280 36,
1312 2221 1391 2268 29.
1428 2222 1508 2279 38,
1543 2220 1623 2267 57.
1656 2221 1734 2279 39,
1761 2220 1833 2266 16.
1864 2220 1944 2279 44,
1967 2219 2015 2266 2.
2053 2220 2133 2278 44,
2156 2219 2235 2266 35.

769 2304 842 2350 De
864 2304 1010 2350 trihus
1032 2307 1366 2352 consultatione
1384 2307 1490 2352 data
1511 2307 1589 2364 26,
1612 2307 1690 2352 22.
1709 2304 1771 2352 (16
1786 2317 1903 2367 pace
1924 2305 2069 2351 dilata
2089 2304 2366 2351 consultatio
2387 2309 2461 2352 est
2481 2306 2559 2364 27,
2579 2306 2660 2353 39.
2677 2313 2791 2353 cnm

672 2389 735 2434 de
756 2404 809 2434 re
829 2389 1010 2434 maiore
1026 2406 1166 2449 quam
1183 2396 1356 2449 quanta
1377 2398 1500 2436 esset
1522 2390 1797 2436 consultatio
1812 2389 2022 2434 incidere
2036 2402 2133 2434 non
2148 2394 2309 2451 posset
2324 2390 2403 2447 39,
2420 2392 2500 2436 23.
2518 2391 2578 2436 de
2594 2396 2792 2451 tyranno

673 2473 954 2520 consultatio
970 2474 1069 2520 visa
1085 2480 1153 2520 est
1167 2476 1246 2532 33,
1265 2476 1342 2521 45.
1363 2476 1481 2522 haec
1496 2476 1773 2522 consultatio
1794 2478 1894 2520 tota
1913 2475 1976 2519 (16
1997 2486 2050 2519 re
2069 2475 2333 2534 pertinente
2353 2476 2413 2520 ad
2433 2490 2518 2521 vos
2538 2481 2608 2521 est
2621 2476 2792 2532 34,22.

672 2558 731 2604 de
759 2573 814 2605 ea
839 2573 893 2604 re
919 2556 1306 2605 consultationem
1322 2559 1551 2622 integram
1571 2564 1759 2606 senatus
1776 2559 1840 2606 ad
1859 2570 2007 2605 nomn
2022 2558 2316 2620 magistratus
2332 2559 2495 2605 reiecit
2508 2559 2592 2615 39,
2610 2560 2660 2606 ’1.
2678 2567 2792 2607 cons

668 2643 855 2690 sultatio
878 2643 939 2690 de
955 2641 1256 2691 Macedonico
1277 2644 1405 2691 bello
1437 2644 1616 2707 integra
1647 2643 1707 2690 ad
1747 2642 1967 2691 cnnsules
2004 2641 2181 2690 reiecta
2216 2646 2288 2690 est
2314 2643 2394 2702 31,
2415 2642 2465 2690 2.
2506 2656 2566 2689 eo
2596 2636 2792 2691 accessu

671 2728 949 2773 consultatio
966 2729 1025 2772 (16
1040 2732 1193 2774 matre
1212 2728 1352 2775 Idaea
1369 2729 1636 2792 accipienda
1650 2728 1728 2787 29,
1753 2727 1825 2774 14.
1860 2726 2320 2788 (commentarium)
2341 2726 2469 2787 quod
2486 2726 2546 2774 de
2562 2727 2791 2789 appamia

672 2812 758 2857 bus
780 2812 893 2858 belli
914 2812 1088 2857 fecerat
1104 2814 1184 2869 42,
1213 2813 1262 2861 6.
1292 2827 1488 2873 ecquem
1507 2813 1566 2860 de
1598 2814 1671 2861 his
1696 2812 2082 2861 commentarium
2112 2827 2140 2859 a
2166 2816 2301 2874 patre
2332 2811 2587 2874 accepisset
2608 2811 2688 2873 39,
2713 2810 2787 2860 47.

778 2992 808 3029 *)
835 2992 906 3026 Hoc
929 2994 1008 3027 loco
1030 2993 1288 3028 collocationem
1310 2994 1550 3029 vocabulorum
1571 2998 1661 3030 nota.
