2950 3521
413 942 752 1051 nisquisitio
798 943 868 1014 «ie
911 941 1356 1048 praepositionis
1379 1038 1380 1041 Ν
1402 937 1564 1019 ,'‚‹ie“
1608 958 1714 1014 usu
1760 941 1911 1050 apud
1956 939 2198 1013 Livium.

1180 1139 1433 1146 ——-————

239 1264 429 1349 amod
465 1282 574 1328 lah.
607 1283 667 1327 de
698 1281 886 1328 Gmber
916 1281 1103 1342 scripsit
1133 1282 1183 1327 in
1213 1286 1560 1343 programmate
1591 1280 1827 1328 Sundensi
1855 1282 1967 1328 anni
1990 1281 2368 1346 MDGGGXLm,

239 1377 345 1416 raro
392 1383 421 1413 e
458 1365 648 1412 Lexicis
689 1364 864 1411 nostris
903 1358 1129 1427 cognosci
1164 1376 1330 1426 posse,
1379 1379 1496 1409 num
1527 1352 1731 1411 verbum
1763 1366 1954 1426 aliquod
1992 1366 2132 1426 apud
2162 1367 2368 1429 singulos

240 1447 490 1515 scriptores
519 1451 629 1512 plus
659 1449 877 1497 minusve
908 1449 1131 1496 usitatum
1163 1454 1309 1507 esset,
1342 1454 1422 1495 aut
1453 1463 1547 1510 qua
1575 1450 1795 1510 quodque
1814 1449 2148 1512 significatione
2168 1456 2219 1497 et
2238 1466 2368 1499 com-

240 1526 473 1601 positione
499 1541 626 1582 'esset
660 1534 1038 1593 usitatissimum,
1070 1535 1219 1581 immo
1245 1549 1394 1595 quum
1415 1533 1604 1581 rarioris
1625 1533 1996 1596 difficiliorisque
2015 1550 2129 1581 usus
2150 1538 2367 1598 exempla

239 1614 507 1685 diligentius
539 1613 894 1683 colligerenmr,
926 1633 1070 1681 quam
1101 1618 1231 1666 soliii'
1258 1622 1307 1665 et
1336 1618 1568 1681 vulgaris,
1601 1619 1877 1681 saepissime
1907 1618 2031 1676 fieri,
2065 1625 2119 1665 ut
2148 1619 2231 1666 ille
2260 1635 2368 1682 par·-

241 1707 341 1753 cior
371 1719 484 1751 usus
516 1703 807 1766 frequentior
837 1717 942 1750 esse
970 1703 1186 1751 videatur
1215 1715 1357 1765 quam
1386 1702 1466 1750 hic
1496 1702 1669 1763 tritior,
1718 1705 1768 1750 id
1803 1704 1987 1750 etiamsi
2017 1719 2113 1750 non
2144 1719 2209 1750 ex
2241 1707 2369 1753 omni

240 1794 376 1851 parte
406 1802 572 1836 verum
604 1794 699 1845 est,
739 1788 857 1833 illud
888 1793 1047 1834 tamen
1077 1787 1292 1849 profecto
1321 1788 1640 1846 verissimum,
1683 1788 1772 1833 nisi
1806 1804 1872 1834 ex
1905 1790 2125 1835 omnibus
2157 1791 2371 1836 omnium

240 1878 446 1921 aetatum
476 1871 784 1935 scriptoribus
815 1877 862 1918 et
893 1869 1072 1919 Latinis
1104 1877 1152 1919 et
1184 1870 1374 1920 Graecis
1404 1871 1587 1934 singula
1617 1872 1846 1919 vocabula
1876 1873 2224 1921 mutuatissime
2243 1884 2371 1922 trac·

207 2012 212 2019 J
240 1964 420 2017 tantur,
460 1972 657 2021 magnos
687 1956 737 2003 in
767 1955 929 2004 lexicis
968 1956 1222 2004 condendis
1264 1972 1536 2021 progressus
1576 1956 1841 2019 exspectari
1888 1974 1987 2007 non
2026 1973 2179 2021 posse.
2254 1958 2371 2007 Nam

242 2042 421 2105 paucis·
435 2046 622 2089 tantum
641 2042 868 2104 exceptis
900 2042 1052 2089 omnis
1093 2041 1359 2088 lexicorum
1398 2041 1757 2090 scribendorum
1796 2043 1920 2090 ratio
1966 2043 2015 2090 in
2059 2059 2117 2091 eo
2158 2044 2370 2091 maxime

240 2127 458 2190 ponitur,
501 2131 555 2174 ut
584 2131 663 2173 aut
693 2140 816 2189 quae
847 2141 874 2174 a
905 2125 1087 2190 vulgari
1118 2125 1460 2175 vocabulorum
1506 2141 1598 2173 usu
1641 2126 1900 2176 abhorrere
1951 2141 2170 2191 quaeque
2218 2129 2370 2177 rarius

241 2212 363 2260 dicta
410 2207 756 2273 coniunctaque
779 2212 1037 2259 videantur
1067 2225 1096 2257 e
1128 2212 1474 2258 commentariis
1507 2202 1786 2274 colligantur
1817 2214 2106 2275 collectaque
2133 2214 2185 2259 in
2215 2214 2368 2261 lexica

241 2296 574 2353 rescribuntur,
618 2301 701 2341 aut
730 2296 779 2341 id
817 2296 1109 2358 potissimum
1140 2300 1396 2357 spectetur,
1439 2310 1536 2356 quo
1556 2297 1730 2341 *ordine
1762 2298 2104 2343 vocabulorum
2143 2299 2368 2361 significa·

240 2381 392 2447 tiones
434 2381 700 2442 digerantur
741 2385 792 2426 et
839 2395 934 2441 qua
975 2380 1159 2426 ratione
1211 2380 1489 2427 discentium
1532 2381 1739 2427 maxime
1785 2382 1891 2426 usui
1940 2384 2368 2429 accommodentur.

242 2453 376 2527 (luae
408 2479 552 2526 quum
581 2464 649 2510 ita
680 2464 775 2510 sint
816 2479 984 2510 eorum
1026 2464 1261 2522 omnium,
1310 2465 1391 2525 qui
1434 2479 1560 2511 nunc
1599 2465 1724 2511 hanc
1774 2466 2031 2513 doctrinam
2075 2466 2182 2526 plus
2222 2482 2367 2527 quam

242 2550 394 2599 adhuc
424 2549 599 2597 factunm
628 2553 718 2606 est,
752 2549 912 2611 augeri
945 2549 1161 2611 cupiunt,
1194 2549 1398 2610 primam
1427 2550 1784 2610 maximamque
1817 2565 1976 2597 curam
1996 2549 2120 2597 hanc
2135 2551 2187 2597 in
2207 2558 2368 2613 poste-

242 2651 350 2682 rum
380 2649 485 2681 esse
517 2649 708 2680 neeesse
742 2639 842 2690 est,
876 2639 931 2679 ut
962 2639 1042 2680 aut
1072 2634 1120 2680 in
1150 2634 1331 2697 singula
1364 2634 1606 2695 inquirant
1636 2635 1876 2691 vocabula,
1908 2636 2040 2695 quod
2071 2651 2099 2682 a
2130 2637 2369 2684 nonnullis

244 2720 361 2767 viris
396 2718 571 2777 doctis,
614 2723 662 2765 et
693 2717 750 2765 iis
780 2718 1035 2765 admodum
1065 2718 1250 2781 paucis,
1283 2717 1521 2781 praeclare
1550 2719 1813 2767 institutum
1845 2724 1940 2778 est,
1984 2725 2065 2767 aut
2095 2721 2235 2769 unius
2266 2716 2370 2770 ta'n-

242 2810 346 2852 tum
375 2804 627 2852 alteriusve
659 2803 896 2866 scriptoris
927 2803 1080 2850 lexica
1110 2809 1415 2866 componant,
1462 2804 1601 2865 quale
1633 2805 2030 2852 accuratissimum
2063 2807 2369 2870 diligentissi-

243 2902 471 2950 mumque
512 2890 696 2936 lexicon
732 2890 1102 2947 Quintilianeum
1144 2889 1375 2935 Eduoerdc‘
1415 2890 1623 2934 Bonnell
1673 2890 1778 2934 iure
1830 2897 2051 2951 tauquam
2096 2894 2370 2953 exemplum

2050 2979 2069 3015 1
2083 2982 2096 2996 .
