3017 3633
655 220 755 275 u

658 362 707 418 4,
729 362 807 407 44.
856 360 946 419 Qui
984 373 1068 421 per
1109 358 1329 421 ambages
1370 357 1431 404 de
1473 356 1579 404 lam
1610 356 1790 404 Albano
1825 356 2011 405 iaceret
2039 359 2092 415 5,
2115 360 2192 407 15.
2222 362 2369 419 'Quae
2416 360 2562 424 vulgo
2579 359 2783 421 inum-i

657 445 718 491 de
763 445 945 492 civitate
987 442 1195 488 sciebant
1226 443 1306 498 42,
1336 442 1415 488 26.
1476 441 1529 489 V
1524 456 1590 487 ox
1632 441 1760 488 oeelo
1800 441 1978 487 emissa
2012 443 2074 490 de
2108 443 2312 493 adventu
2345 444 2588 492 Gallorum
2618 445 2669 501 5,
2698 446 2778 495 51.

664 529 718 578 V
711 526 976 590 ocg’feratue
1008 526 1069 572 de
1100 526 1321 587 superbia
1363 530 1553 587 patrum
1584 527 1633 583 6,
1668 526 1744 573 14.
1798 524 1943 573 Multa
1972 526 2038 574 de
2067 527 2293 575 Hieronis
2334 529 2457 591 regis
2496 527 2589 576 fide
2630 530 2777 577 verba

645 614 879 673 fecerunt
908 611 991 666 26,
1014 613 1090 657 30.
1148 609 1322 655 Oratio
1355 610 1516 656 habita
1549 610 1609 656 de
1640 610 1688 656 vi
1731 625 1787 657 ac
1822 609 2020 657 libidine
2048 609 2166 659 Sex.
2199 611 2457 671 Tarquinii·
2479 614 2522 671 1,
2556 615 2645 660 59.
2670 628 2778 676 ow

658 697 835 743 tionem
868 695 928 742 de
960 693 1208 742 concordia
1240 694 1461 741 ordinum
1494 677 1713 742 habuisse
1743 695 1792 752 5,
1818 695 1892 742 12.
1925 694 2189 744 orationem
2213 695 2280 744 (16
2311 695 2545 746 musal»
2568 712 2619 745 se
2640 697 2778 761 gestis

656 784 730 826 est
762 794 958 825 exorsus
990 779 1069 833 38,
1100 779 1174 823 50.
1218 778 1365 824 oratio
1398 779 1498 824 eius
1531 779 1590 824 (16
1620 778 1819 841 pecunia
1854 779 2234 842 regisAntiochi
2260 781 2339 838 38,
2371 781 2452 829 54.
2493 782 2782 831 {sumnonem

652 866 719 910 de
755 864 958 910 Aebutio
989 862 1147 907 fiatris
1179 863 1280 908 eius
1314 862 1410 908 filio
1442 861 1584 908 infert
1614 865 1695 919 39,
1720 863 1794 908 11.
1827 877 2100 909 sermonum
2132 864 2524 921 cum1Romanis,
2545 903 2547 906 .
2572 867 2779 913 maxime

657 964 766 995 cum
799 949 857 993 T.
888 946 1104 1006 Quinctio
1138 947 1361 993 adversus
1393 945 1614 1002 fratrem,
1649 948 1708 993 de
1739 962 1885 1008 regno
1915 947 2295 1003 habitorumv40,
2317 950 2397 995 20.
2427 948 2546 1005 Quia
2562 948 2638 997 Δ(16
2655 965 2780 1012 agro

658 1034 809 1096 plebis
841 1035 1089 1078 senserunt
1121 1031 1195 1091 agi
1229 1032 1272 1087 1,
1306 1032 1383 1076 46.
1428 1032 1495 1077 sic
1527 1032 1585 1077 de
1617 1045 1728 1092 agro
1761 1045 1897 1093 agere
1928 1033 1975 1088 3,
1997 1032 2071 1078 71.
2093 1033 2140 1087 6,
2162 1033 2210 1078 6.
2230 1032 2310 1090 34,
2333 1034 2408 1079 62.
2430 1033 2508 1090 45,
2535 1033 2607 1079 13.
2640 1047 2780 1094 agere

659 1118 717 1162 de
758 1117 902 1162 rebus
944 1114 1273 1161 communibus
1307 1115 1349 1170 1,
1382 1116 1458 1160 50.
1502 1129 1610 1160 cum
1641 1115 1790 1160 multa
1819 1114 1942 1161 inter
1974 1129 2024 1161 se
2064 1115 2124 1161 (16
2164 1130 2290 1164 novo
2322 1116 2530 1164 >consilio
2575 1116 2779 1178 egissent

656 1203 701 1258 2,
725 1202 768 1247 4.
801 1201 877 1263 agi
910 1201 1081 1247 deinde
1114 1201 1174 1246 de
1206 1199 1457 1246 concordia
1489 1203 1710 1260 coeptum
1742 1201 1788 1258 2,
1810 1199 1886 1247 33.
1919 1214 2062 1261 agere
2088 1200 2149 1246 de
2168 1199 2411 1261 republica
2431 1202 2479 1258 2,
2502 1201 2579 1248 37.
2611 1206 2680 1247 et:
2716 1202 2777 1248 (16

655 1287 895 1350 republica
939 1301 1077 1349 agere
1117 1285 1367 1347 quicquam
1399 1286 1478 1343 28,
1513 1286 1587 1330 18.
1637 1300 1774 1346 posse
1815 1286 1890 1349 agi
1924 1286 1984 1332 de
2014 1300 2132 1347 pace
2163 1286 2211 1344 2,
2243 1286 2321 1332 39.
2354 1286 2443 1333 sic:
2476 1287 2557 1345 21,
2590 1288 2665 1335 12.
2697 1288 2776 1335 35.

653 1374 733 1431 27,
755 1373 832 1418 30.
867 1372 945 1429 30,
966 1372 1045 1417 21.
1065 1371 1142 1416 23.
1165 1371 1244 1416 24.
1267 1372 1343 1416 42.
1378 1370 1457 1428 32,
1479 1371 1557 1415 33.
1588 1370 1669 1426 37,
1694 1371 1754 1415 18
1775 1370 1862 1415 bis.
1894 1370 1973 1429 39,
2003 1372 2063 1417 19
2097 1370 2183 1417 bis.
2213 1372 2290 1418 45.
2324 1371 2405 1428 38,
2428 1372 2474 1417 8.
2508 1373 2554 1419 9.
2586 1372 2776 1420 tribuno

655 1460 714 1504 de
747 1458 853 1520 lege
885 1463 1049 1518 agente
1077 1456 1127 1512 3,
1163 1457 1235 1500 10.
1281 1455 1368 1499 sic:
1412 1455 1460 1510 3,
1485 1455 1545 1499 14
1566 1454 1652 1499 bis.
1683 1454 1731 1513 3,
1755 1455 1815 1500 19
1842 1455 1930 1500 bis.
1961 1455 2009 1513 3,
2032 1455 2108 1501 25.
2148 1455 2207 1501 de
2249 1453 2532 1516 proferendo
2573 1457 2778 1503 exercitu

656 1557 796 1606 agere
827 1543 875 1599 3,
909 1543 986 1586 20.
1032 1555 1139 1585 cum
1182 1540 1242 1582 de
1276 1539 1629 1583 condicionibus
1661 1547 1875 1601 ageretur
1906 1540 1952 1597 3,
1974 1540 2052 1584 53.
2083 1540 2175 1584 sice
2207 1541 2256 1595 8,
2277 1540 2356 1584 37.
2386 1541 2467 1595 32,
2488 1541 2567 1584 39.
2599 1541 2677 1599 37,
2702 1542 2777 1585 12.

657 1641 766 1671 cum
812 1627 873 1667 de
914 1626 1058 1667 rebus
1102 1625 1162 1666 ab
1201 1638 1254 1666 se
1299 1623 1442 1683 gestis
1479 1628 1670 1684 agerent
1701 1623 1749 1679 3,
1771 1624 1849 1666 63.
1882 1638 2125 1683 nunquam
2161 1628 2268 1667 ante
2309 1624 2370 1665 de
2409 1624 2648 1683 triumpho
2689 1639 2776 1685 per

657 1712 888 1771 populum
920 1716 1074 1753 actum
1106 1710 1154 1762 3,
1187 1710 1263 1752 63.
1300 1710 1374 1763 10,
1407 1709 1484 1751 36.
1516 1709 1596 1761 33,
1628 1709 1704 1752 22.
1750 1723 1835 1752 cur
1867 1723 2005 1753 nemo
2038 1710 2097 1752 de
2141 1708 2401 1753 comodis
2441 1709 2591 1765 plebis
2624 1715 2780 1768 ageret

656 1798 704 1852 4,
727 1795 803 1839 35.
835 1793 901 1838 sic
933 1793 992 1837 de
1023 1792 1279 1837 commodis
1312 1791 1417 1836 alcs.
1451 1805 1590 1852 agere
1624 1792 1673 1846 5,
1696 1791 1741 1836 2.
1775 1791 1848 1852 agi
1881 1792 1939 1836 de
1970 1791 2197 1852 Apollinis
2223 1791 2351 1836 dono
2382 1795 2601 1850 coeptum
2633 1793 2678 1849 5,
2697 1793 2776 1838 23.
2822 1849 2825 1853 ³

659 1880 717 1924 (16
750 1892 896 1939 regno
932 1876 1094 1937 agendi
1126 1874 1311 1919 initium
1343 1879 1499 1920 ortum
1531 1876 1579 1930 6,
1619 1875 1694 1919 18.
1737 1875 1819 1920 ubi
1852 1875 2043 1920 audiant
2073 1889 2240 1922 vocem
2282 1874 2580 1921 tribuniciam
2613 1876 2672 1922 de
2708 1878 2778 1923 16-

660 1964 817 2008 vando
859 1961 1024 2006 fenore
1057 1963 1271 2021 agentem
1304 1960 1350 2014 6,
1384 1960 1459 2004 27.
1505 1959 1564 2004 (16
1595 1959 1846 2019 sponsione
1883 1960 2030 2021 agitur
2062 1961 2110 2015 9,
2141 1961 2189 2004 9.
2232 1959 2292 2004 de
2332 1974 2447 2019 pace
2487 1974 2541 2005 ac
2581 1959 2778 2007 foedere

660 2061 798 2109 agere
829 2045 940 2090 ibid.
974 2044 1176 2091 consulis
1210 2044 1368 2090 verbis
1403 2043 1549 2105 egisse
1582 2044 1641 2089 de
1686 2042 1908 2089 societate
1939 2042 2234 2102 amicitiaque
2268 2044 2315 2098 9,
2345 2043 2421 2088 36.
2466 2043 2526 2088 de
2556 2047 2776 2093 mercede

659 2132 811 2193 agitur
846 2130 919 2183 10,
955 2130 1025 2174 10.
1069 2129 1128 2174 (16
1161 2127 1344 2188 Capuae
1376 2127 1640 2173 defectione
1672 2127 1748 2189 agi
1779 2127 1860 2183 23,
1897 2127 1972 2173 17.
2016 2127 2092 2189 agi
2123 2141 2284 2173 secum
2316 2131 2396 2175 est>
2416 2141 2578 2188 passus
2610 2129 2670 2175 de
2702 2145 2775 2176 re-

653 2213 928 2275 demptione
959 2212 1215 2260 liberorum
1247 2211 1453 2274 capitum
1485 2211 1564 2271 23,
1605 2212 1681 2258 19.
1714 2210 1795 2274 qui
1827 2211 1887 2257 de
1917 2208 2109 2258 foedere
2140 2210 2333 2273 antiquo
2363 2211 2635 2260 renovando
2668 2228 2777 2278 age·

657 2303 767 2346 rent
798 2298 876 2355 24,
899 2297 961 2344 27
982 2298 1071 2344 bis.
1104 2314 1250 2359 quum
1283 2298 1343 2343 de
1375 2296 1536 2359 legatis
1568 2296 1806 2344 mittendis
1838 2300 2027 2359 agerent
2057 2296 2138 2354 26,
2163 2297 2236 2344 13.
2278 2296 2395 2343 nihil
2436 2311 2486 2343 se
2528 2311 2680 2359 neque
2713 2299 2773 2349 de

656 2384 898 2444 republica
932 2398 1084 2442 neque
1128 2384 1187 2427 de
1229 2382 1479 2442 provinciis
1513 2388 1723 2427 acturum
1755 2383 1834 2439 26,
1867 2382 1945 2427 26.
1984 2382 2058 2443 agi
2101 2383 2161 2427 de
2194 2381 2439 2442 Campanis
2478 2382 2556 2438 26,
2590 2385 2667 2430 33.
2712 2384 2774 2429 (16

654 2468 885 2530 remigum
917 2467 1243 2528 supplemento
1276 2466 1350 2528 agi
1384 2470 1602 2527 coeptum
1634 2466 1712 2523 26,
1745 2465 1820 2511 35.
1869 2480 2030 2513 secum
2072 2466 2131 2512 de
2175 2466 2438 2528 proditione
2480 2466 2553 2528 agi
2585 2467 2664 2523 26,
2696 2466 2773 2514 38.

654 2552 748 2598 iam
780 2552 840 2598 de
873 2550 1142 2614 abrogando
1174 2550 1374 2613 imperio
1406 2549 1508 2595 eius
1541 2549 1735 2613 agebat,
1770 2554 1839 2596 et:
1873 2554 1926 2596 ut
1955 2562 2046 2596 nec
2078 2575 2143 2584 —
2174 2549 2235 2596 de
2265 2549 2464 2612 imperio
2496 2549 2599 2596 eius
2632 2549 2773 2598 abro—

653 2637 806 2699 gando
839 2640 1053 2698 ageretur
1086 2635 1165 2692 27,
1187 2636 1260 2680 20.
1305 2636 1364 2681 (16
1397 2634 1664 2680 Tarentinis
1696 2647 1866 2697 magno
1897 2633 2192 2681 contentione
2225 2634 2275 2678 in
2307 2638 2475 2680 senatu
2507 2637 2668 2684 actum,
2692 2635 2771 2693 27,

654 2721 731 2766 35.
766 2721 826 2766 (16
859 2721 1069 2767 Aetolico
1103 2719 1304 2765 finiendo
1337 2720 1462 2766 bello
1496 2723 1652 2765 actum
1683 2719 1761 2777 27,
1784 2719 1860 2765 30.
1893 2723 1965 2765 et:
1997 2733 2142 2779 quum
2174 2719 2234 2766 de
2264 2717 2467 2764 finiendo
2488 2717 2611 2765 bello
2634 2718 2772 2765 Aeto·

655 2806 743 2850 lico
780 2810 995 2868 ageretur
1026 2807 1104 2862 28,
1127 2807 1172 2851 7.
1206 2806 1493 2865 provincias,
1539 2807 1598 2851 de
1630 2806 1798 2865 quibus
1829 2805 1977 2867 agitur
2008 2806 2088 2860 28,
2123 2806 2201 2850 45.
2233 2804 2324 2848 sic:
2357 2805 2434 2860 30,
2467 2805 2541 2848 40.
2579 2804 2659 2858 32,
2691 2805 2771 2850 28.

655 2890 734 2946 33,
757 2890 831 2935 25.
863 2891 941 2946 36,
969 2891 1011 2935 1.
1044 2890 1122 2946 37,
1146 2891 1186 2936 l.
1221 2890 1300 2948 39,
1323 2889 1400 2935 38.
1433 2890 1511 2948 42,
1538 2891 1611 2936 10.
1645 2905 1792 2951 quum
1825 2890 1885 2936 de
1918 2890 2246 2952 supplemento
2289 2886 2527 2950 legionum
2558 2892 2772 2950 ageretur

655 2974 734 3034 29,
762 2975 838 3022 15.
870 2974 929 3020 de
963 2973 1183 3036 Scipione
1217 2990 1461 3036 nusquam,
1494 2974 1582 3021 nisi
1615 2974 1662 3021 in
1696 2979 1876 3032 senatu,
1911 2979 2068 3023 actum
2099 2975 2178 3032 29,
2200 2972 2277 3020 32.
2312 2973 2372 3019 de
2393 2972 2551 3035 legatis
2572 2972 2772 3036 Philippi
