2990 3624
2255 213 2338 269 1¹8

222 348 400 410 cipibus
428 349 642 396 tribunus
669 348 738 408 pl.
767 345 1112 409 promulgavit,
1145 351 1213 395 ut.
1228 372 1290 380 -—
1321 348 1399 406 38,
1431 348 1510 395 36.
1543 348 1725 410 rogatio
1753 349 1868 398 inde
1899 365 1928 395 a
1962 349 2229 398 Plataeensi
2250 353 2336 398 Di-

220 433 582 496 marehofilata
603 432 907 495 recitataque.
938 432 999 478 de
1040 430 1258 482 societate
1309 447 1417 479 oum
1458 431 1682 479 Romanis
1725 432 1958 495 iungenda
2002 435 2135 481 nullo
2177 441 2336 483 eontra

219 519 375 568 dicere
400 519 651 576 ,nudente,
699 518 912 569 omnium
954 516 1175 568 Boeotiae„
1215 517 1496 572 6161116ίί616ν
1520 515 1751 579 suffragiis
1785 517 2009 578 accipitur
2050 521 2334 583 iubeturque

218 603 296 661 33,
326 603 373 648 2.
405 603 528 647 inter
554 602 844 663 accipiendas
883 601 943 646 de
975 601 1069 646 suis
1106 601 1364 647 commodis
1387 601 1653 662 rogationes
1684 602 1730 657 6,
1756 601 1835 646 39.
1879 602 2171 662 rogationem
2203 606 2335 660 Mar-

217 687 398 734 cianum
429 687 494 734 (16
509 686 783 748 Liguribus,
822 700 990 747 magno
1025 699 1253 735 eonsensu
1290 685 1451 745 plebes
1488 685 1621 731 seivit
1650 685 1876 747 iussitque
1907 686 1987 744 42,
2015 687 2094 732 21.
2137 690 2195 734 de
2222 705 2333 735 oon-

216 770 362 820 nubio
387 775 579 831 patrum
592 774 644 815 et
658 769 826 829 plebis
851 770 1149 830 rogationem,
1167 813 1169 815 ,
1184 768 1500 830 promulgavit
1532 770 1579 825 4,
1616 770 1661 813 1.
1707 770 1768 814 de
1810 769 2008 816 foenore
2045 775 2185 831 atque
2220 787 2332 834 agro

215 853 750 916 rogationes-1.iubebant,
784 853 843 898 (16
867 852 1051 914 plebeio
1089 852 1282 905 consule
1294 884 1295 887 =
1312 852 1609 913 antiquabant
1642 853 1690 909 6,
1716 853 1795 899 39.
1837 859 1908 899 ut.
1926 854 2107 917 rogatio
2151 855 2210 902 de
2242 856 2332 902 im-

216 938 347 1000 perio
375 938 475 984 eius
506 937 771 998 abrogando
801 937 1121 998 antiquaretur
1152 936 1231 994 27,
1260 936 1336 982 21.
1378 937 1556 999 rogatio
1585 937 1645 985 de
1672 937 1796 990 bello
1825 937 2130 990 Macedonico
2166 940 2331 1000 primis

217 1023 415 1069 comitiis
449 1022 509 1067 ab
549 1023 766 1068 omnibus
808 1022 959 1068 ferme
1002 1022 1225 1068 centuriis
1262 1022 1498 1081 antiquata
1545 1027 1612 1084 est
1649 1022 1735 1079 31,
1756 1024 1805 1067 6.
1865 1022 2014 1080 Leges
2047 1024 2108 1068 de
2144 1026 2332 1069 ambitu

216 1107 428 1157 consules
455 1107 517 1152 ad
542 1107 766 1167 ,populum
799 1108 1010 1153 tulerunt
1041 1108 1119 1164 40,
1150 1107 1223 1153 19.
1255 1107 1331 1152 lex
1362 1107 1422 1151 de
1446 1106 1654 1152 incensis
1678 1107 1774 1152 lata
1806 1108 1853 1162 1,
1882 1107 1960 1152 44.
1991 1108 2073 1153 lex
2092 1108 2154 1154 de
2177 1107 2330 1155 dicta-

214 1195 317 1238 tore
341 1191 544 1236 creando
571 1191 662 1237 lata
690 1191 736 1248 2,
769 1192 842 1236 18.
875 1191 1084 1237 tulerunt
1111 1191 1177 1237 -de
1214 1190 1471 1236 honoribus
1498 1190 1675 1236 Minuci
1703 1191 1856 1253 legem
1888 1192 1935 1248 4,
1972 1192 2048 1237 16.
2081 1193 2234 1255 legem
2268 1195 2329 1240 de

213 1274 463 1324 multarum
496 1275 818 1321 aestimatione
850 1274 976 1324 ferre
1007 1276 1056 1331 4,
1082 1275 1159 1320 30.
1194 1276 1254 1321 (16
1281 1275 1505 1337 sanguine
1533 1280 1581 1320 et
1613 1275 1841 1335 supplicio
1880 1290 1967 1321 suo
1999 1277 2145 1322 latam
2174 1278 2328 1339 legem

214 1359 289 1405 45.
318 1358 473 1420 legem
517 1360 577 1405 de
610 1359 835 1405 vicesima
866 1359 1000 1414 tulit»,
1045 1358 1214 1416 sim-2,
1242 1360 1290 1405 8.
1321 1360 1370 1415 3,
1399 1361 1445 1405 9.
1476 1360 1525 1414 3,
1550 1360 1627 1404 55.
1660 1360 1707 1416 4,
1740 1359 1784 1405 ’7.
1818 1360 1864 1416 4,
1886 1360 1960 1406 13.
1994 1362 2040 1417 4,
2069 1362 2144 1408 60.
2178 1363 2225 1419 6,
2247 1363 2327 1410 42.

213 1444 260 1500 6,
293 1444 371 1493 38.
404 1445 451 1500 9,
480 1444 667 1499 38210,
697 1444 740 1488 9.
774 1443 853 1499 26,
886 1443 958 1488 17.
991 1442 1069 1498 33,
1103 1442 1181 1489 42.
1213 1442 1292 1498 34,
1320 1443 1365 1487 4.
1397 1446 1487 1488 ter.
1520 1443 1598 1498 41,
1629 1443 1676 1487 9.
1722 1442 1877 1489 iaoere
1919 1448 2016 1490 tam
2054 1445 2133 1490 diu
2167 1444 2328 1492 inritas

212 1525 426 1579 actiones
451 1539 573 1588 quae
603 1525 663 1574 de
689 1525 785 1572 suis
816 1525 1076 1572 commodis
1095 1524 1330 1578 ferrentur
1345 1525 1392 1584 4,
1415 1525 1490 1576 51.
1531 1523 1667 1572 Tulit
1687 1525 1745 1572 ad
1766 1525 1993 1588 populum
2014 1527 2073 1574 de
2090 1527 2327 1591 triumpho

212 1610 457 1659 consulum
484 1611 532 1670 3,
561 1611 641 1656 63.
684 1615 735 1655 ut
762 1610 974 1656 consules
1011 1610 1071 1656 de
1103 1610 1230 1656 bello
1263 1610 1322 1657 ad
1361 1610 1588 1673 populum
1627 1608 1805 1656 ferrent
1835 1611 1882 1669 4,
1909 1611 1987 1656 30.
2033 1616 2087 1657 ut
2118 1612 2177 1659 de
2203 1614 2326 1661 bello

210 1694 468 1748 indicendo,
495 1696 552 1742 ad
590 1696 816 1757 populum
859 1694 1034 1741 ferrent
1058 1695 1104 1753 4,
1137 1696 1216 1741 58.
1233 1694 1339 1741 sio:
1375 1695 1421 1753 6,
1450 1696 1528 1748 21.
1560 1696 1607 1753 7,
1635 1696 1681 1740 6.
1715 1696 1775 1741 (16
1807 1695 1985 1741 ambitu
2013 1696 2071 1741 ad
2100 1698 2327 1759 populum

210 1779 355 1825 latum
384 1786 454 1825 est
484 1782 531 1835 7,
562 1782 635 1827 15.
671 1785 720 1826 ut
747 1781 806 1826 de
835 1794 891 1826 ea
920 1794 973 1825 re
1001 1780 1060 1825 ad
1089 1780 1319 1841 populum
1342 1778 1547 1825 ferretur
1576 1781 1623 1835 7,
1653 1781 1730 1825 32.
1764 1781 1823 1825 de
1856 1781 2074 1826 trecentis
2095 1783 2325 1842 equitibus

211 1864 357 1911 latum
388 1865 447 1909 ad
473 1866 700 1925 populum
726 1865 805 1921 23,
838 1866 916 1910 31.
960 1864 1202 1924 latumque
1239 1865 1298 1908 de
1328 1864 1621 1925 prorogando
1654 1864 1853 1925 imperio
1894 1866 1953 1909 ad
1996 1867 2220 1926 populum
2253 1873 2326 1911 est

211 1947 290 2005 27,
320 1948 398 1995 22.
417 1964 527 1998 nec,
552 1949 611 1995 de
639 1964 696 1995 ea
727 1962 781 1995 re
808 1947 924 1994 ferri
951 1949 1011 1994 ad
1035 1947 1263 2010 populum
1293 1947 1525 2009 patiemur
1548 1947 1626 2005 28,
1657 1948 1731 1994 45.
1766 1949 1827 1995 (16
1855 1948 2103 2011 Hispaniae
2126 1950 2326 2012 imperio

210 2032 358 2078 latum
387 2034 445 2079 ad
466 2034 699 2094 populum
726 2039 795 2080 est
821 2034 899 2091 29,
936 2033 1011 2078 13.
1043 2039 1094 2078 ut
1121 2034 1181 2078 de
1208 2032 1405 2091 imperio
1444 2032 1543 2079 eius
1574 2033 1846 2094 abrogando
1875 2033 2054 2081 ferrent
2081 2035 2141 2081 ad
2173 2052 2326 2097 popu-

210 2116 316 2164 lum
337 2119 415 2177 29,
451 2119 525 2164 19.
559 2119 646 2164 sio:
683 2119 729 2175 4,
762 2119 839 2164 51.
870 2119 948 2174 34,
979 2119 1023 2162 1.
1055 2118 1101 2174 4,
1129 2118 1176 2163 6.
1207 2118 1254 2174 4,
1281 2117 1357 2161 36.
1391 2117 1439 2174 5,
1472 2118 1544 2162 11.
1578 2118 1657 2174 22,
1689 2118 1766 2163 25.
1817 2119 1891 2164 De
1916 2120 2159 2180 postulatis
2189 2120 2324 2165 Siou-

211 2201 363 2247 lorum
392 2204 450 2248 ad
480 2208 636 2264 patres
659 2202 842 2248 rettulit
864 2203 940 2260 26,
972 2202 1050 2247 32.
1083 2201 1316 2247 rettulisse
1347 2201 1407 2245 ad
1434 2204 1589 2261 patres
1621 2202 1680 2246 de
1703 2204 1951 2248 concordia
1976 2203 2324 2250 reconcilianda

210 2285 259 2341 ⁷,
274 2330 277 2333 ,
294 2286 372 2333 42.
407 2301 515 2334 611111
540 2287 738 2332 relatum
766 2288 826 2332 ad
851 2290 1069 2339 senatum
1091 2290 1217 2331 esset
1241 2286 1310 2336 de¹
1329 2284 1580 2343 seditione,
1614 2301 1759 2345 quam
1780 2310 1842 2319 -
1863 2287 1912 2342 4,
1944 2287 2023 2332 48.
2056 2286 2116 2332 de
2147 2285 2322 2332 Latinis

210 2369 395 2434 populis
420 2372 480 2416 ad
506 2377 721 2417 senatum
745 2371 927 2417 rettulit
967 2375 1105 2430 atque
1134 2370 1199 2415 ita
1233 2368 1449 2414 disseruit
1476 2370 1524 2427 8,
1560 2369 1635 2414 13.
1676 2385 1752 2415 res
1788 2370 1847 2414 de
1882 2386 1977 2430 qua
2012 2371 2074 2416 ad
2112 2376 2321 2416 senatum

209 2452 437 2501 referrent
468 2457 516 2510 8,
549 2455 623 2501 29.
658 2456 718 2500 de
748 2455 988 2516 republica
1029 2454 1240 2504 eonsules
1276 2453 1336 2499 ad
1366 2456 1582 2499 senatum
1616 2454 1896 2499 rettulerunt
1918 2454 1997 2513 24,
2032 2455 2106 2500 11.
2155 2455 2213 2500 de
2240 2469 2320 2500 re-

208 2540 394 2599 publica
418 2539 623 2600 primum
654 2555 710 2585 ae
736 2541 795 2586 (16
821 2540 1070 2601 provinciis
1084 2540 1304 2591 eonsules
1335 2539 1395 2599 ad
1425 2543 1640 2584 senatum
1666 2539 1887 2585 rettulere
1912 2540 1989 2596 26,
2016 2539 2091 2584 27.
2127 2554 2237 2584 oum
2260 2540 2320 2585 (16

209 2634 262 2679 re
280 2624 468 2685 publiea
489 2624 708 2684 belloque
730 2629 777 2670 et
796 2624 1046 2686 provinciis
1066 2624 1126 2669 ad
1153 2629 1364 2671 senatum
1388 2622 1676 2669 rettulissent
1700 2624 1779 2682 30,
1798 2624 1843 2669 1.
1874 2628 1925 2669 ut
1951 2622 2107 2684 primo
2130 2639 2321 2685 quoque

194 2714 419 2771 «tempore
446 2709 505 2756 (16
535 2708 662 2755 116116
686 2708 936 2771 Hispaniae
973 2710 1035 2756 ad
1065 2713 1278 2760 senatum
1307 2706 1502 2756 referret
1526 2708 1605 2767 33,
1631 2707 1710 2754 21.
1754 2713 1805 2754 ut
1838 2708 1897 2754 de
1935 2707 1993 2754 iis
2032 2708 2215 2772 integra
2241 2723 2320 2756 res

210 2794 274 2839 ad
300 2800 510 2840 senatum
539 2794 794 2840 referretur
810 2795 903 2857 39,
934 2796 1009 2841 19.
1043 2796 1102 2840 de
1126 2794 1380 2855 provinciis
1410 2809 1556 2854 quum
1585 2795 1648 2839 ad
1680 2798 1901 2840 senatum·
1928 2794 2221 2840 rettulissent
2241 2795 2321 2849 33,

209 2877 286 2922 43.
319 2877 390 2923 En
420 2879 624 2939 reliquos
653 2879 778 2924 locos
807 2879 934 2938 quod
963 2879 1106 2925 seiam
1143 2892 1309 2924 omnes
1339 2879 1386 2935 2,
1418 2879 1497 2924 39.
1535 2879 1581 2936 3,
1607 2879 1685 2924 21.
1716 2878 1763 2935 3,
1791 2878 1867 2924 40.
1900 2879 1947 2937 4,
1978 2879 2053 2924 12.
2087 2880 2134 2935 8,
2163 2879 2238 2925 14.
2274 2881 2321 2937 8,

2038 2962 2064 3000 3
