2999 3577
641 345 802 391 omnia
834 343 1094 388 subtrahas
1125 343 1203 397 30,
1227 343 1302 386 31.
1358 341 1479 386 Tres
1511 341 1649 387 eiecti
1687 343 1748 388 de
1779 346 1943 388 senatu
1974 343 2054 399 40,
2074 343 2174 388 bh«
2201 344 2271 390 sio
2301 345 2363 391 de
2403 349 2771 394 senatu-‘novem

642 431 882 477 eiecerunt
912 429 989 483 41,
1012 427 1091 471 27.
1145 426 1374 471 Antennis
1408 427 1468 471 de
1500 443 1620 473 nave
1653 428 1703 472 in
1734 441 1905 472 navem
1936 426 2264 484 traiectis-30,
2287 431 2365 475 10.
2421 428 2541 473 Gum
2574 428 2770 475 doloro

642 530 693 561 se
728 517 918 561 domum
950 510 1181 573 reciperet
1214 514 1260 569 6,
1284 512 1361 556 34.
1418 511 1555 568 Quod
1585 514 1644 558 de
1677 512 1918 574 provincia
1952 510 2238 558 decessisses
2256 513 2438 570 29,]9.
2464 513 2556 559 sict
2585 513 2663 569 31,
2693 511 2769 558 50.

643 602 722 654 38,
745 600 821 643 42.
855 597 936 654 40,
960 599 1036 641 35.
1071 598 1149 653 42,
1171 598 1214 641 8.
1257 601 1324 639 et:
1371 596 1620 642 decedenti
1654 599 1714 643 de
1745 597 1979 659 praesidio
2011 599 2094 655 36,
2121 599 2191 642 14
2234 602 2284 641 et
2314 598 2560 643 translatez
2604 598 2666 642 de
2698 594 2771 643 of-

642 683 744 729 ficio
778 682 1023 727 decessum
1055 683 1103 736 8,
1126 681 1205 726 25.
1262 680 1323 724 Ut
1353 696 1466 725 eum
1498 681 1558 727 de
1590 682 1831 742 provincia
1870 681 2115 727 discedere
2143 682 2363 727 iuberent
2393 683 2474 737 29,
2492 684 2570 728 20.
2604 688 2678 727 etz
2712 681 2772 727 de

640 766 873 828 colloquio
906 765 1162 813 discessum
1195 765 1273 822 32,
1296 765 1371 810 40.
1418 764 1490 811 De
1522 766 1776 826 provinciis
1805 766 2055 813 redierunt
2078 767 2264 823 37,-46.
2284 747 2378 826 'qui
2408 764 2458 811 in
2488 765 2549 812 ia
2575 766 2691 812 iocis
2712 766 2773 811 «ιε

638 849 936 899 Hasdrubalis
983 849 1200 896 exercitu
1241 848 1522 895 substiterat
1562 851 1640 908 31,
1686 852 1758 898 10.
1805 867 1952 913 quum
1995 851 2057 897 de
2094 849 2322 912 petitione
2363 848 2621 896 destitisset
2643 865 2772 897 reus

639 938 717 993 37,
741 938 818 982 58.
866 933 1087 979 Emis-sus
1118 933 1264 979 hostis
1296 938 1368 978 est
1404 934 1463 978 de
1496 934 1714 979 manibus
1747 936 1828 991 21,
1852 935 1932 981 48.
1977 934 2186 980 emisisse
2218 934 2279 980 de
2309 933 2528 980 manibus
2559 947 2616 979 ea
2646 948 2771 995 quae

639 1023 717 1077 44,
741 1023 782 1064 8.
819 1017 1107 1063 remittendo
1141 1019 1200 1062 de
1233 1033 1415 1062 summa
1448 1019 1651 1079 quisque
1682 1020 1729 1074 4,
1752 1019 1828 1063 43.
1864 1018 1955 1063 sic:
1988 1022 2035 1077 5,
2062 1021 2132 1065 12.
2168 1019 2535 1082 signa·militaria
2555 1022 2773 1080 quattuor

641 1108 698 1152 de
733 1106 807 1150 ala
850 1104 946 1150 duo
991 1105 1051 1149 de
1095 1103 1279 1164 legione
1322 1101 1506 1148 amissa
1548 1104 1613 1149 27
1628 1136 1644 1158 ,
1684 1105 1759 1149 12.
1817 1104 2126 1151 Hannibalem
2170 1105 2403 1150 excidisse
2444 1106 2504 1150 de
2542 1103 2770 1149 memoria

637 1191 714 1249 29,
751 1190 824 1238 19.
2561 1198 2563 1202 ’

768 1275 991 1337 Inprimis
1034 1274 1126 1320 huc
1168 1273 1406 1335 pertinent
1452 1274 1597 1321 verba
1642 1274 1813 1337 quibus
1855 1273 2065 1337 capiendi
2124 1273 2406 1321 sumendive
2448 1274 2580 1321 notio
2624 1273 2772 1320 inest:

637 1362 709 1406 De
742 1361 908 1423 priscis
940 1360 1122 1404 Latinis
1155 1367 1301 1420 capta
1336 1361 1508 1419 oppida
1542 1362 1588 1415 1,
1612 1363 1688 1406 38.
1722 1361 1809 1406 sict
1845 1362 1922 1419 10,
1944 1362 2023 1406 39.
2066 1359 2369 1405 Ferentinum
2400 1360 2461 1404 de
2494 1373 2545 1404 se
2577 1362 2770 1420 captum

637 1450 683 1504 4,
719 1447 795 1492 56.
843 1446 909 1490 sic
956 1446 1112 1490 addito
1154 1446 1286 1490 urbis
1329 1444 1523 1490 nomine
1566 1446 1615 1499 9,
1649 1446 1725 1490 38.
1765 1446 1844 1502 27,
1882 1446 1925 1489 1.
1985 1444 2279 1505 Tempsanus
2322 1458 2434 1506 ager
2477 1445 2555 1490 de'
2580 1442 2770 1487 Bruttiis

638 1535 801 1592 captus
831 1535 928 1575 erat
961 1530 1039 1585 34,
1063 1530 1137 1573 45.
1174 1529 1242 1574 sic
1275 1530 1337 1573 de
1367 1543 1479 1589 agro
1513 1535 1649 1587 capto
1683 1531 1761 1585 35,
1790 1530 1869 1574 40.
1911 1529 1989 1584 37,
2022 1529 2100 1574 57.
2145 1530 2223 1584 40,
2244 1529 2321 1574 29.
2366 1530 2445 1586 41,
2472 1530 2546 1573 13.
2590 1528 2668 1582 45,
2687 1527 2770 1572 44.

637 1629 784 1661 naves
830 1618 993 1675 captae
1036 1613 1095 1657 de
1140 1612 1478 1657 Macedonibus
1509 1614 1587 1670 45,
1620 1613 1700 1660 42.
1744 1613 1836 1660 sic:
1879 1614 1938 1660 de
1972 1611 2145 1660 Gentio
2185 1626 2297 1675 rege
2341 1617 2501 1674 captos
2541 1611 2770 1672 (lembos)

636 1704 715 1757 45,
740 1702 815 1743 43.
851 1713 972 1758 quae
1006 1698 1139 1757 capta
1172 1698 1232 1740 de
1264 1697 1477 1740 hostibus
1511 1697 1778 1741 dicerentur
1809 1699 1886 1754 26,
1909 1699 1987 1743 34.
2043 1698 2193 1753 Quam
2230 1698 2460 1757 plurimos
2490 1695 2770 1758 poterat'de

637 1785 748 1844 fuga
783 1782 1031 1842 excipiens
1064 1784 1144 1835 27,
1185 1784 1258 1825 19.
1311 1781 1451 1840 Isque
1497 1796 1603 1825 eam
1636 1784 1819 1839 (deam)
1854 1784 1915 1827 de
1955 1796 2076 1828 nave
2107 1784 2320 1843 accipere
2352 1784 2548 1840 (inustis)
2580 1783 2660 1838 29,
2689 1782 2769 1825 40.

638 1869 827 1915 Fiducia
869 1883 992 1927 quae
1033 1883 1128 1913 non
1171 1868 1229 1911 de
1274 1866 1369 1911 nilo
1404 1866 1615 1925 profecto
1647 1874 1876 1927 concepta
1908 1869 1986 1924 30,
2019 1869 2099 1913 29.
2144 1868 2242 1913 sict*
2274 1869 2352 1921 44,
2384 1868 2464 1914 22.-
2479 1880 2495 1894 ·‘
2517 1866 2677 1926 Spolia
2708 1866 2771 1912 de

637 1953 850 1999 hostibus
884 1951 1014 1996 ‘lecta
1053 1953 1133 2005 40,
1167 1952 1241 1996 32.
1300 1950 1509 2012 Tegulae
1552 1950 1806 2010 expositae
1846 1951 1906 1996 de
1946 1952 2142 1996 navibus
2176 1954 2256 2007 42,
2289 1954 2334 1995 3.
2393 1953 2466 1995 De
2498 1951 2770 1995 auctoribus
2867 1976 2870 1978 >

637 2035 922 2098 supplicium
966 2034 1171 2096 sumpsit
1201 2036 1280 2091 29,
1316 2037 1358 2080 8.
1396 2035 1490 2081 sic:
1524 2037 1570 2091 3,
1605 2036 1677 2081 13.
1706 2037 1796 2092 ⁵32,
1825 2037 1906 2081 26.
1950 2037 2030 2092 34,
2058 2037 2138 2082 21.
2193 2034 2252 2080 de
2294 2034 2489 2095 captivis
2526 2039 2769 2095 smnptum

637 2121 921 2181 supplicium
953 2126 1024 2164 est
1056 2122 1102 2176 3,
1137 2121 1208 2164 18.
1244 2119 1309 2163 sic
1340 2120 1543 2178 passive:
1576 2122 1622 2175 4,
1658 2121 1732 2164 13.
1765 2121 1843 2177 23,
1875 2122 1923 2165 3.
1957 2120 2036 2175 26,
2070 2121 2148 2164 15.
2183 2121 2262 2175 39,
2292 2120 2368 2163 29.
2422 2118 2676 2199 Clipgaque
2707 2119 2767 2162 de

637 2204 867 2251 columnis
901 2203 1104 2263 dempsit
1132 2205 1209 2259 40,
1226 2205 1312 2248 51.
1339 2221 1546 2263 quocum
1562 2204 1775 2249 conferas
1789 2223 1802 2248 ε
1839 2205 2086 2249 dimidium
2103 2205 2164 2248 de
2184 2202 2341 2249 fronte
2357 2206 2602 2264 demptum
2619 2206 2697 2260 33,
2720 2207 2766 2247 8.

635 2295 682 2336 et
713 2286 958 2335 translate:
995 2287 1238 2347 demptum
1271 2288 1330 2333 de
1363 2289 1414 2334 vi
1445 2289 1739 2350 magistratus
1775 2288 1939 2349 populi
1970 2288 2177 2334 libertati
2208 2288 2410 2334 adiicere
2442 2290 2490 2345 3,
2512 2290 2588 2335 33.
2622 2294 2676 2333 ut
2704 2289 2768 2358 de

633 2371 871 2434 stipendio
903 2372 1108 2417 militum
1141 2386 1248 2417 aera
1281 2372 1581 2418 demerentur
1612 2375 1658 2429 7,
1675 2375 1816 2430 41,1.
1860 2373 2136 2419 Em‘mendo
2168 2374 2230 2419 de
2260 2388 2409 2419 nervo
2442 2374 2569 2420 cives
2586 2379 2766 2426 vestros

634 2458 681 2516 6,
703 2459 775 2505 15.
809 2462 859 2504 et
890 2456 1135 2503 translate:
1169 2456 1474 2503 eximendum
1506 2457 1555 2503 id
1588 2457 1648 2503 de
1677 2456 1869 2505 foedere
1901 2472 2006 2505 esse
2036 2458 2116 2515 24,
2135 2458 2231 2505 22·
2259 2457 2422 2518 Neque
2449 2457 2509 2504 de
2537 2470 2596 2504 eo
2622 2464 2766 2506 exer-

635 2542 752 2600 citu,
786 2556 929 2603 quem
963 2540 1022 2586 ad
1055 2541 1343 2600 praesidium
1375 2541 1574 2602 Apuliae
1606 2542 1819 2598 haberet,
1857 2543 2107 2603 quicquam
2139 2541 2302 2590 mevam·
2328 2541 2415 2601 23,·
2430 2543 2510 2589 25.
2540 2542 2770 2605 'Aufer-1⁶2·

624 2613 803 2674 'aurum
837 2628 897 2672 de
941 2625 1100 2670 medio
1143 2625 1274 2671 iubet
1305 2627 1352 2684 5,
1383 2627 1461 2672 39.
1506 2626 1795 2672 abstulerunt
1834 2642 1913 2673 me
1952 2626 2083 2674 velut
2123 2627 2182 2674 de
2225 2626 2379 2689 spatio
2425 2625 2652 2676 Graeciae
2684 2641 2765 2675 res

635 2712 883 2757 immixtae
916 2709 1140 2756 Romanis
1173 2710 1252 2769 35,
1275 2711 1350 2756 40.
1385 2710 1540 2758 Hostis
1576 2712 1634 2758 de
1666 2710 1770 2759 foro
1803 2712 1970 2760 tollere
2002 2713 2049 2773 3,
2073 2713 2143 2761 19.
2175 2712 2419 2761 translatez
2451 2727 2502 2761 se
2531 2713 2592 2761 de
2617 2712 2769 2761 tribu-

635 2798 708 2839 nis
740 2797 1126 2842 intercessionem
1160 2796 1398 2841 sustulisse
1427 2798 1473 2855 5,
1499 2798 1577 2842 29.
1619 2797 1690 2843 De
1722 2812 1883 2845 mensa
1915 2798 2041 2845 oleas
2075 2811 2268 2861 quoque
2300 2802 2624 2863 praegustasse
2654 2812 2764 2847 mu·

635 2897 711 2926 res
725 2914 739 2936 ,
775 2883 822 2924 in
854 2884 1121 2943 prodigium
1154 2897 1347 2926 versum
1381 2887 1454 2926 est
1485 2884 1562 2936 40,
1591 2886 1667 2925 59.
1701 2909 1762 2915 -
1794 2885 2008 2928 Fortasse
2039 2884 2134 2928 huc
2163 2882 2408 2928 referenda
2441 2889 2572 2929 sunte
2605 2899 2763 2948 neque

636 2971 695 3011 de
729 2968 939 3026 equitum
973 2968 1192 3011 centuriis
1225 2969 1477 3028 quicquam
1510 2969 1720 3013 mutavit
1756 2971 1798 3025 1,
1822 2971 1901 3014 36.
1934 2970 2000 3015 sic
2033 2975 2219 3015 mutare
2250 2970 2505 3030 quicquam
2535 2971 2613 3016 vel
2643 2969 2761 3016 nihil
