<?xml version="1.0" encoding="UTF-8"?>
<!DOCTYPE html PUBLIC "-//W3C//DTD XHTML 1.0 Transitional//EN"
    "http://www.w3.org/TR/xhtml1/DTD/xhtml1-transitional.dtd">
<html xmlns="http://www.w3.org/1999/xhtml" xml:lang="en" lang="en">
 <head>
  <title>
</title>
<meta http-equiv="Content-Type" content="text/html;charset=utf-8" />
  <meta name='ocr-system' content='tesseract 3.04.00' />
  <meta name='ocr-capabilities' content='ocr_page ocr_carea ocr_par ocr_line ocrx_word'/>
</head>
<body>
  <div class='ocr_page' id='page_1' title='image "./4771395_0038.png"; bbox 0 0 2970 3614; ppageno 0'>
   <div class='ocr_carea' id='block_1_1' title="bbox 622 344 2768 3022">
    <p class='ocr_par' dir='ltr' id='par_1_1' title="bbox 625 344 2768 494">
     <span class='ocr_line' id='line_1_1' title="bbox 625 344 2768 422; baseline -0 -26"><span class='ocrx_word' id='word_1_1' title='bbox 625 349 711 413; x_wconf 69' lang='lat' dir='ltr'><strong>qui</strong></span> <span class='ocrx_word' id='word_1_2' title='bbox 755 349 924 412; x_wconf 84' lang='lat' dir='ltr'><strong>plures</strong></span> <span class='ocrx_word' id='word_1_3' title='bbox 974 352 1022 393; x_wconf 80' lang='lat' dir='ltr'><strong>et</strong></span> <span class='ocrx_word' id='word_1_4' title='bbox 1070 346 1216 392; x_wconf 84' lang='lat' dir='ltr'><strong>duces</strong></span> <span class='ocrx_word' id='word_1_5' title='bbox 1268 349 1320 391; x_wconf 87' lang='lat' dir='ltr'><strong>et</strong></span> <span class='ocrx_word' id='word_1_6' title='bbox 1360 344 1539 392; x_wconf 79' lang='lat' dir='ltr'><strong>milites</strong></span> <span class='ocrx_word' id='word_1_7' title='bbox 1587 349 1756 422; x_wconf 72' lang='lat' dir='ltr'><strong>eorum</strong></span> <span class='ocrx_word' id='word_1_8' title='bbox 1785 344 2076 403; x_wconf 52' lang='lat' dir='ltr'><strong>occidisset,</strong></span> <span class='ocrx_word' id='word_1_9' title='bbox 2099 374 2104 382; x_wconf 90' lang='lat'>·</span> <span class='ocrx_word' id='word_1_10' title='bbox 2130 362 2275 407; x_wconf 73' lang='lat' dir='ltr'><strong>quam</strong></span> <span class='ocrx_word' id='word_1_11' title='bbox 2315 351 2435 409; x_wconf 83' lang='lat' dir='ltr'><strong>quot</strong></span> <span class='ocrx_word' id='word_1_12' title='bbox 2472 354 2768 409; x_wconf 66' lang='lat' dir='ltr'><strong>amputassent</strong></span> 
     </span>
     <span class='ocr_line' id='line_1_2' title="bbox 628 436 2704 494; baseline -0.001 -12"><span class='ocrx_word' id='word_1_13' title='bbox 628 436 709 494; x_wconf 77' lang='lat'><strong>85,</strong></span> <span class='ocrx_word' id='word_1_14' title='bbox 737 436 826 481; x_wconf 84' lang='grc'><strong>12.</strong></span> <span class='ocrx_word' id='word_1_15' title='bbox 1617 466 1621 470; x_wconf 77' lang='lat'><em>,</em></span> <span class='ocrx_word' id='word_1_16' title='bbox 2700 437 2704 457; x_wconf 82' lang='lat'>²</span> 
     </span>
    </p>

    <p class='ocr_par' dir='ltr' id='par_1_2' title="bbox 622 513 2767 1251">
     <span class='ocr_line' id='line_1_3' title="bbox 757 513 2766 583; baseline -0.001 -20"><span class='ocrx_word' id='word_1_17' title='bbox 757 519 827 563; x_wconf 80' lang='lat' dir='ltr'><strong>De</strong></span> <span class='ocrx_word' id='word_1_18' title='bbox 857 530 909 560; x_wconf 83' lang='lat' dir='ltr'><strong>se</strong></span> <span class='ocrx_word' id='word_1_19' title='bbox 941 514 1046 576; x_wconf 84' lang='lat' dir='ltr'><strong>ipse</strong></span> <span class='ocrx_word' id='word_1_20' title='bbox 1076 513 1203 559; x_wconf 84' lang='lat' dir='ltr'><strong>haud</strong></span> <span class='ocrx_word' id='word_1_21' title='bbox 1236 518 1512 559; x_wconf 80' lang='lat' dir='ltr'><strong>cunctanter</strong></span> <span class='ocrx_word' id='word_1_22' title='bbox 1528 513 1718 574; x_wconf 65' lang='lat' dir='ltr'><strong>ficem</strong></span> <span class='ocrx_word' id='word_1_23' title='bbox 1744 515 1823 571; x_wconf 80' lang='lat'><strong>24,</strong></span> <span class='ocrx_word' id='word_1_24' title='bbox 1846 514 1892 558; x_wconf 77' lang='grc' dir='ltr'><strong>ὅ.</strong></span> <span class='ocrx_word' id='word_1_25' title='bbox 1924 514 2104 572; x_wconf 71' lang='grc'><strong>39,,17.</strong></span> <span class='ocrx_word' id='word_1_26' title='bbox 2164 513 2219 560; x_wconf 82' lang='lat' dir='ltr'><strong>si</strong></span> <span class='ocrx_word' id='word_1_27' title='bbox 2249 530 2406 576; x_wconf 56' lang='lat' dir='ltr'><strong>nomio</strong></span> <span class='ocrx_word' id='word_1_28' title='bbox 2437 516 2499 561; x_wconf 86' lang='lat' dir='ltr'><strong>de</strong></span> <span class='ocrx_word' id='word_1_29' title='bbox 2529 515 2623 561; x_wconf 83' lang='lat' dir='ltr'><strong>fide</strong></span> <span class='ocrx_word' id='word_1_30' title='bbox 2654 516 2766 583; x_wconf 42' lang='lat' dir='ltr'><strong>bug-</strong></span> 
     </span>
     <span class='ocr_line' id='line_1_4' title="bbox 633 596 2767 659; baseline -0.001 -10"><span class='ocrx_word' id='word_1_31' title='bbox 633 603 857 649; x_wconf 83' lang='lat' dir='ltr'><strong>barorum</strong></span> <span class='ocrx_word' id='word_1_32' title='bbox 892 598 1147 659; x_wconf 77' lang='lat' dir='ltr'><strong>quicqum</strong></span> <span class='ocrx_word' id='word_1_33' title='bbox 1178 596 1388 658; x_wconf 72' lang='lat' dir='ltr'><strong>recipere</strong></span> <span class='ocrx_word' id='word_1_34' title='bbox 1418 601 1500 643; x_wconf 91' lang='lat' dir='ltr'><strong>aut</strong></span> <span class='ocrx_word' id='word_1_35' title='bbox 1532 597 1796 658; x_wconf 67' lang='lat' dir='ltr'><strong>affimat-e</strong></span> <span class='ocrx_word' id='word_1_36' title='bbox 1829 596 1971 644; x_wconf 82' lang='lat' dir='ltr'><strong>nobis</strong></span> <span class='ocrx_word' id='word_1_37' title='bbox 2001 601 2139 658; x_wconf 82' lang='lat' dir='ltr'><strong>potes</strong></span> <span class='ocrx_word' id='word_1_38' title='bbox 2170 599 2249 655; x_wconf 76' lang='lat'><strong>40,</strong></span> <span class='ocrx_word' id='word_1_39' title='bbox 2267 598 2347 645; x_wconf 72' lang='lat'><strong>35.</strong></span> <span class='ocrx_word' id='word_1_40' title='bbox 2377 600 2451 646; x_wconf 85' lang='lat' dir='ltr'><strong>De</strong></span> <span class='ocrx_word' id='word_1_41' title='bbox 2480 615 2559 646; x_wconf 91' lang='lat' dir='ltr'><strong>me</strong></span> <span class='ocrx_word' id='word_1_42' title='bbox 2576 598 2767 658; x_wconf 68' lang='lat' dir='ltr'><strong>glorio-</strong></span> 
     </span>
     <span class='ocr_line' id='line_1_5' title="bbox 630 680 2767 744; baseline -0 -14"><span class='ocrx_word' id='word_1_43' title='bbox 630 687 716 731; x_wconf 78' lang='lat' dir='ltr'><strong>bor</strong></span> <span class='ocrx_word' id='word_1_44' title='bbox 745 685 828 742; x_wconf 87' lang='lat'><strong>22,</strong></span> <span class='ocrx_word' id='word_1_45' title='bbox 861 684 939 729; x_wconf 85' lang='lat'><strong>39.</strong></span> <span class='ocrx_word' id='word_1_46' title='bbox 985 681 1214 743; x_wconf 71' lang='lat' dir='ltr'><strong>cupiditas</strong></span> <span class='ocrx_word' id='word_1_47' title='bbox 1255 681 1487 744; x_wconf 85' lang='lat' dir='ltr'><strong>gloriandi</strong></span> <span class='ocrx_word' id='word_1_48' title='bbox 1524 682 1586 727; x_wconf 88' lang='lat' dir='ltr'><strong>de</strong></span> <span class='ocrx_word' id='word_1_49' title='bbox 1623 694 1705 728; x_wconf 86' lang='lat' dir='ltr'><strong>me</strong></span> <span class='ocrx_word' id='word_1_50' title='bbox 1735 681 1818 737; x_wconf 83' lang='grc'><strong>38,</strong></span> <span class='ocrx_word' id='word_1_51' title='bbox 1847 682 1929 728; x_wconf 88' lang='grc'><strong>49.</strong></span> <span class='ocrx_word' id='word_1_52' title='bbox 1978 680 2128 728; x_wconf 84' lang='lat' dir='ltr'><strong>Nullis</strong></span> <span class='ocrx_word' id='word_1_53' title='bbox 2168 681 2427 729; x_wconf 75' lang='lat' dir='ltr'><strong>verborum</strong></span> <span class='ocrx_word' id='word_1_54' title='bbox 2447 681 2767 729; x_wconf 67' lang='lat' dir='ltr'><strong>comus-eliis</strong></span> 
     </span>
     <span class='ocr_line' id='line_1_6' title="bbox 626 764 2765 829; baseline -0 -15"><span class='ocrx_word' id='word_1_55' title='bbox 626 783 824 829; x_wconf 81' lang='lat' dir='ltr'><strong>parcere</strong></span> <span class='ocrx_word' id='word_1_56' title='bbox 857 769 917 813; x_wconf 87' lang='lat' dir='ltr'><strong>de</strong></span> <span class='ocrx_word' id='word_1_57' title='bbox 947 767 1049 812; x_wconf 87' lang='lat' dir='ltr'><strong>viro</strong></span> <span class='ocrx_word' id='word_1_58' title='bbox 1078 767 1140 810; x_wconf 86' lang='lat' dir='ltr'><strong>ad</strong></span> <span class='ocrx_word' id='word_1_59' title='bbox 1181 764 1405 823; x_wconf 83' lang='lat' dir='ltr'><strong>fratrem,</strong></span> <span class='ocrx_word' id='word_1_60' title='bbox 1450 767 1513 811; x_wconf 91' lang='lat' dir='ltr'><strong>de</strong></span> <span class='ocrx_word' id='word_1_61' title='bbox 1553 780 1718 811; x_wconf 77' lang='lat' dir='ltr'><strong>sorore</strong></span> <span class='ocrx_word' id='word_1_62' title='bbox 1755 766 1815 810; x_wconf 87' lang='lat' dir='ltr'><strong>ad</strong></span> <span class='ocrx_word' id='word_1_63' title='bbox 1857 765 2019 811; x_wconf 84' lang='lat' dir='ltr'><strong>virum</strong></span> <span class='ocrx_word' id='word_1_64' title='bbox 2057 765 2103 821; x_wconf 81' lang='lat'><strong>1,</strong></span> <span class='ocrx_word' id='word_1_65' title='bbox 2132 767 2213 811; x_wconf 82' lang='lat'><strong>46.</strong></span> <span class='ocrx_word' id='word_1_66' title='bbox 2234 791 2238 794; x_wconf 58' lang='grc'><strong>«</strong></span> <span class='ocrx_word' id='word_1_67' title='bbox 2261 767 2419 822; x_wconf 75' lang='lat' dir='ltr'><strong>Quum</strong></span> <span class='ocrx_word' id='word_1_68' title='bbox 2459 765 2589 813; x_wconf 74' lang='lat' dir='ltr'><strong>haud</strong></span> <span class='ocrx_word' id='word_1_69' title='bbox 2629 766 2765 813; x_wconf 76' lang='lat' dir='ltr'><strong>facile</strong></span> 
     </span>
     <span class='ocr_line' id='line_1_7' title="bbox 622 848 2760 911; baseline -0.001 -11"><span class='ocrx_word' id='word_1_70' title='bbox 622 857 778 911; x_wconf 83' lang='lat' dir='ltr'><strong>esset,</strong></span> <span class='ocrx_word' id='word_1_71' title='bbox 823 856 904 898; x_wconf 81' lang='lat' dir='ltr'><strong>aut</strong></span> <span class='ocrx_word' id='word_1_72' title='bbox 934 865 1014 908; x_wconf 87' lang='lat' dir='ltr'><strong>ea,</strong></span> <span class='ocrx_word' id='word_1_73' title='bbox 1057 864 1182 911; x_wconf 84' lang='lat' dir='ltr'><strong>quae</strong></span> <span class='ocrx_word' id='word_1_74' title='bbox 1211 848 1549 908; x_wconf 71' lang='lat' dir='ltr'><strong>obiicerenmr,</strong></span> <span class='ocrx_word' id='word_1_75' title='bbox 1593 854 1675 895; x_wconf 88' lang='lat' dir='ltr'><strong>aut</strong></span> <span class='ocrx_word' id='word_1_76' title='bbox 1703 863 1828 911; x_wconf 87' lang='lat' dir='ltr'><strong>quae</strong></span> <span class='ocrx_word' id='word_1_77' title='bbox 1859 849 2082 896; x_wconf 83' lang='lat' dir='ltr'><strong>adversus</strong></span> <span class='ocrx_word' id='word_1_78' title='bbox 2113 863 2170 896; x_wconf 83' lang='lat' dir='ltr'><strong>ea</strong></span> <span class='ocrx_word' id='word_1_79' title='bbox 2213 850 2410 897; x_wconf 80' lang='lat' dir='ltr'><strong>dicenda</strong></span> <span class='ocrx_word' id='word_1_80' title='bbox 2451 856 2613 907; x_wconf 84' lang='lat' dir='ltr'><strong>eraut,</strong></span> <span class='ocrx_word' id='word_1_81' title='bbox 2655 865 2760 897; x_wconf 88' lang='lat' dir='ltr'><strong>me-</strong></span> 
     </span>
     <span class='ocr_line' id='line_1_8' title="bbox 630 934 2762 996; baseline -0.001 -12"><span class='ocrx_word' id='word_1_82' title='bbox 630 938 786 985; x_wconf 88' lang='lat' dir='ltr'><strong>moria</strong></span> <span class='ocrx_word' id='word_1_83' title='bbox 819 935 1077 996; x_wconf 86' lang='lat' dir='ltr'><strong>complecti.</strong></span> <span class='ocrx_word' id='word_1_84' title='bbox 1131 934 1228 980; x_wconf 90' lang='lat' dir='ltr'><strong>Nec</strong></span> <span class='ocrx_word' id='word_1_85' title='bbox 1260 935 1389 981; x_wconf 90' lang='lat' dir='ltr'><strong>enim</strong></span> <span class='ocrx_word' id='word_1_86' title='bbox 1419 934 1571 981; x_wconf 76' lang='lat' dir='ltr'><strong>musta</strong></span> <span class='ocrx_word' id='word_1_87' title='bbox 1600 935 1781 992; x_wconf 85' lang='lat' dir='ltr'><strong>solum,</strong></span> <span class='ocrx_word' id='word_1_88' title='bbox 1823 935 1909 981; x_wconf 73' lang='lat' dir='ltr'><strong>ned</strong></span> <span class='ocrx_word' id='word_1_89' title='bbox 1949 934 2091 980; x_wconf 85' lang='lat' dir='ltr'><strong>etiam</strong></span> <span class='ocrx_word' id='word_1_90' title='bbox 2132 934 2359 995; x_wconf 85' lang='lat' dir='ltr'><strong>pleraque</strong></span> <span class='ocrx_word' id='word_1_91' title='bbox 2401 935 2577 996; x_wconf 81' lang='lat' dir='ltr'><strong>oppido</strong></span> <span class='ocrx_word' id='word_1_92' title='bbox 2619 950 2762 995; x_wconf 87' lang='lat' dir='ltr'><strong>quam</strong></span> 
     </span>
     <span class='ocr_line' id='line_1_9' title="bbox 632 1018 2764 1083; baseline -0.001 -15"><span class='ocrx_word' id='word_1_93' title='bbox 632 1038 779 1083; x_wconf 85' lang='lat' dir='ltr'><strong>parva</strong></span> <span class='ocrx_word' id='word_1_94' title='bbox 809 1026 966 1066; x_wconf 72' lang='lat' dir='ltr'><strong>erantz</strong></span> <span class='ocrx_word' id='word_1_95' title='bbox 1001 1021 1060 1064; x_wconf 91' lang='lat' dir='ltr'><strong>de</strong></span> <span class='ocrx_word' id='word_1_96' title='bbox 1094 1020 1417 1064; x_wconf 83' lang='lat' dir='ltr'><strong>controversia</strong></span> <span class='ocrx_word' id='word_1_97' title='bbox 1447 1020 1639 1075; x_wconf 87' lang='lat' dir='ltr'><strong>finium,</strong></span> <span class='ocrx_word' id='word_1_98' title='bbox 1680 1018 1740 1064; x_wconf 89' lang='lat' dir='ltr'><strong>de</strong></span> <span class='ocrx_word' id='word_1_99' title='bbox 1770 1019 2042 1064; x_wconf 85' lang='lat' dir='ltr'><strong>bominibus</strong></span> <span class='ocrx_word' id='word_1_100' title='bbox 2075 1019 2219 1078; x_wconf 86' lang='lat' dir='ltr'><strong>raptis</strong></span> <span class='ocrx_word' id='word_1_101' title='bbox 2251 1019 2594 1079; x_wconf 74' lang='lat' dir='ltr'><strong>pecoribusque</strong></span> <span class='ocrx_word' id='word_1_102' title='bbox 2622 1020 2764 1065; x_wconf 80' lang='lat' dir='ltr'><strong>abac·</strong></span> 
     </span>
     <span class='ocr_line' id='line_1_10' title="bbox 632 1102 2764 1164; baseline -0.001 -14"><span class='ocrx_word' id='word_1_103' title='bbox 632 1105 713 1161; x_wconf 83' lang='lat' dir='ltr'><strong>tis,</strong></span> <span class='ocrx_word' id='word_1_104' title='bbox 747 1105 806 1149; x_wconf 97' lang='grc'><strong>(16</strong></span> <span class='ocrx_word' id='word_1_105' title='bbox 838 1104 943 1149; x_wconf 89' lang='lat' dir='ltr'><strong>iure</strong></span> <span class='ocrx_word' id='word_1_106' title='bbox 976 1107 1058 1148; x_wconf 88' lang='lat' dir='ltr'><strong>aut</strong></span> <span class='ocrx_word' id='word_1_107' title='bbox 1090 1103 1214 1147; x_wconf 87' lang='lat' dir='ltr'><strong>dicto</strong></span> <span class='ocrx_word' id='word_1_108' title='bbox 1244 1117 1330 1162; x_wconf 90' lang='lat' dir='ltr'><strong>per</strong></span> <span class='ocrx_word' id='word_1_109' title='bbox 1359 1103 1603 1147; x_wconf 86' lang='lat' dir='ltr'><strong>libidinem</strong></span> <span class='ocrx_word' id='word_1_110' title='bbox 1635 1106 1719 1147; x_wconf 86' lang='lat' dir='ltr'><strong>aut</strong></span> <span class='ocrx_word' id='word_1_111' title='bbox 1748 1117 1846 1148; x_wconf 84' lang='lat' dir='ltr'><strong>non</strong></span> <span class='ocrx_word' id='word_1_112' title='bbox 1877 1103 2028 1159; x_wconf 79' lang='lat' dir='ltr'><strong>dicto,</strong></span> <span class='ocrx_word' id='word_1_113' title='bbox 2058 1102 2122 1147; x_wconf 86' lang='grc'><strong>(16</strong></span> <span class='ocrx_word' id='word_1_114' title='bbox 2150 1102 2294 1147; x_wconf 84' lang='lat' dir='ltr'><strong>rebus</strong></span> <span class='ocrx_word' id='word_1_115' title='bbox 2322 1117 2409 1164; x_wconf 78' lang='lat' dir='ltr'><strong>per</strong></span> <span class='ocrx_word' id='word_1_116' title='bbox 2440 1103 2537 1150; x_wconf 89' lang='lat' dir='ltr'><strong>vim</strong></span> <span class='ocrx_word' id='word_1_117' title='bbox 2568 1107 2649 1149; x_wconf 84' lang='lat' dir='ltr'><strong>aut</strong></span> <span class='ocrx_word' id='word_1_118' title='bbox 2679 1116 2764 1164; x_wconf 86' lang='lat' dir='ltr'><strong>per</strong></span> 
     </span>
     <span class='ocr_line' id='line_1_11' title="bbox 629 1185 2335 1251; baseline -0.002 -16"><span class='ocrx_word' id='word_1_119' title='bbox 629 1189 823 1251; x_wconf 82' lang='lat' dir='ltr'><strong>gratiam</strong></span> <span class='ocrx_word' id='word_1_120' title='bbox 854 1188 1069 1234; x_wconf 87' lang='lat' dir='ltr'><strong>iudicatis</strong></span> <span class='ocrx_word' id='word_1_121' title='bbox 1101 1188 1180 1244; x_wconf 88' lang='lat'><strong>39,</strong></span> <span class='ocrx_word' id='word_1_122' title='bbox 1202 1187 1281 1232; x_wconf 79' lang='lat'><strong>47.</strong></span> <span class='ocrx_word' id='word_1_123' title='bbox 1322 1187 1466 1247; x_wconf 86' lang='lat' dir='ltr'><strong>Appii</strong></span> <span class='ocrx_word' id='word_1_124' title='bbox 1496 1185 1858 1231; x_wconf 53' lang='lat' dir='ltr'><strong>&amp;abminationes</strong></span> <span class='ocrx_word' id='word_1_125' title='bbox 1887 1187 1948 1231; x_wconf 90' lang='lat' dir='ltr'><strong>de</strong></span> <span class='ocrx_word' id='word_1_126' title='bbox 1981 1186 2128 1232; x_wconf 84' lang='lat' dir='ltr'><strong>Fabio</strong></span> <span class='ocrx_word' id='word_1_127' title='bbox 2161 1188 2237 1244; x_wconf 78' lang='lat'><strong>10,</strong></span> <span class='ocrx_word' id='word_1_128' title='bbox 2258 1187 2335 1232; x_wconf 86' lang='lat'><strong>26.</strong></span> 
     </span>
    </p>

    <p class='ocr_par' dir='ltr' id='par_1_3' title="bbox 627 1269 2762 3022">
     <span class='ocr_line' id='line_1_12' title="bbox 756 1269 2761 1333; baseline 0 -16"><span class='ocrx_word' id='word_1_129' title='bbox 756 1272 832 1318; x_wconf 85' lang='lat' dir='ltr'><strong>Ad</strong></span> <span class='ocrx_word' id='word_1_130' title='bbox 864 1271 1120 1318; x_wconf 73' lang='lat' dir='ltr'><strong>deferenda</strong></span> <span class='ocrx_word' id='word_1_131' title='bbox 1151 1270 1211 1316; x_wconf 88' lang='lat' dir='ltr'><strong>de</strong></span> <span class='ocrx_word' id='word_1_132' title='bbox 1246 1269 1421 1317; x_wconf 86' lang='lat' dir='ltr'><strong>Perseo</strong></span> <span class='ocrx_word' id='word_1_133' title='bbox 1454 1270 1661 1316; x_wconf 70' lang='lat' dir='ltr'><strong>crimina</strong></span> <span class='ocrx_word' id='word_1_134' title='bbox 1691 1271 1773 1326; x_wconf 85' lang='lat'><strong>42,</strong></span> <span class='ocrx_word' id='word_1_135' title='bbox 1800 1271 1875 1316; x_wconf 86' lang='lat'><strong>11.</strong></span> <span class='ocrx_word' id='word_1_136' title='bbox 1907 1269 1948 1316; x_wconf 90' lang='lat' dir='ltr'><strong>si</strong></span> <span class='ocrx_word' id='word_1_137' title='bbox 1979 1285 2075 1331; x_wconf 88' lang='lat' dir='ltr'><strong>qua</strong></span> <span class='ocrx_word' id='word_1_138' title='bbox 2107 1269 2350 1329; x_wconf 84' lang='lat' dir='ltr'><strong>(crimina)</strong></span> <span class='ocrx_word' id='word_1_139' title='bbox 2382 1271 2445 1316; x_wconf 89' lang='lat' dir='ltr'><strong>de</strong></span> <span class='ocrx_word' id='word_1_140' title='bbox 2473 1285 2586 1333; x_wconf 81' lang='lat' dir='ltr'><strong>rege</strong></span> <span class='ocrx_word' id='word_1_141' title='bbox 2607 1270 2761 1317; x_wconf 63' lang='lat' dir='ltr'><strong>lssenr·</strong></span> 
     </span>
     <span class='ocr_line' id='line_1_13' title="bbox 629 1354 2760 1412; baseline 0 -9"><span class='ocrx_word' id='word_1_142' title='bbox 629 1372 704 1403; x_wconf 82' lang='lat' dir='ltr'><strong>ses</strong></span> <span class='ocrx_word' id='word_1_143' title='bbox 737 1356 979 1402; x_wconf 84' lang='lat' dir='ltr'><strong>deferrent</strong></span> <span class='ocrx_word' id='word_1_144' title='bbox 1011 1357 1090 1411; x_wconf 90' lang='lat'><strong>42,</strong></span> <span class='ocrx_word' id='word_1_145' title='bbox 1111 1357 1190 1401; x_wconf 88' lang='lat'><strong>26.</strong></span> <span class='ocrx_word' id='word_1_146' title='bbox 1223 1370 1350 1401; x_wconf 90' lang='lat' dir='ltr'><strong>nunc</strong></span> <span class='ocrx_word' id='word_1_147' title='bbox 1382 1356 1582 1401; x_wconf 89' lang='lat' dir='ltr'><strong>Romam</strong></span> <span class='ocrx_word' id='word_1_148' title='bbox 1613 1355 1673 1400; x_wconf 87' lang='lat' dir='ltr'><strong>ad</strong></span> <span class='ocrx_word' id='word_1_149' title='bbox 1702 1358 1917 1400; x_wconf 87' lang='lat' dir='ltr'><strong>senatum</strong></span> <span class='ocrx_word' id='word_1_150' title='bbox 1949 1355 2146 1400; x_wconf 78' lang='lat' dir='ltr'><strong>crimina</strong></span> <span class='ocrx_word' id='word_1_151' title='bbox 2186 1356 2246 1400; x_wconf 89' lang='lat' dir='ltr'><strong>de</strong></span> <span class='ocrx_word' id='word_1_152' title='bbox 2277 1369 2329 1400; x_wconf 90' lang='lat' dir='ltr'><strong>se</strong></span> <span class='ocrx_word' id='word_1_153' title='bbox 2360 1354 2548 1402; x_wconf 85' lang='lat' dir='ltr'><strong>deferre</strong></span> <span class='ocrx_word' id='word_1_154' title='bbox 2579 1357 2657 1412; x_wconf 89' lang='grc'><strong>39,</strong></span> <span class='ocrx_word' id='word_1_155' title='bbox 2678 1358 2760 1404; x_wconf 80' lang='lat'><strong>26.</strong></span> 
     </span>
     <span class='ocr_line' id='line_1_14' title="bbox 627 1437 2762 1501; baseline -0.001 -15"><span class='ocrx_word' id='word_1_156' title='bbox 627 1456 755 1501; x_wconf 89' lang='lat' dir='ltr'><strong>quae</strong></span> <span class='ocrx_word' id='word_1_157' title='bbox 788 1440 877 1486; x_wconf 85' lang='lat' dir='ltr'><strong>sibi</strong></span> <span class='ocrx_word' id='word_1_158' title='bbox 913 1439 1109 1485; x_wconf 89' lang='lat' dir='ltr'><strong>crimina</strong></span> <span class='ocrx_word' id='word_1_159' title='bbox 1134 1438 1419 1484; x_wconf 86' lang='lat' dir='ltr'><strong>obiiciantur</strong></span> <span class='ocrx_word' id='word_1_160' title='bbox 1458 1439 1519 1483; x_wconf 90' lang='grc'><strong>(16</strong></span> <span class='ocrx_word' id='word_1_161' title='bbox 1558 1437 1739 1483; x_wconf 77' lang='lat' dir='ltr'><strong>insidiis</strong></span> <span class='ocrx_word' id='word_1_162' title='bbox 1778 1437 2043 1498; x_wconf 85' lang='lat' dir='ltr'><strong>legatorum</strong></span> <span class='ocrx_word' id='word_1_163' title='bbox 2086 1439 2203 1485; x_wconf 84' lang='lat' dir='ltr'><strong>ibid.</strong></span> <span class='ocrx_word' id='word_1_164' title='bbox 2243 1438 2358 1498; x_wconf 85' lang='lat' dir='ltr'><strong>quia</strong></span> <span class='ocrx_word' id='word_1_165' title='bbox 2398 1454 2516 1485; x_wconf 80' lang='lat' dir='ltr'><strong>vera</strong></span> <span class='ocrx_word' id='word_1_166' title='bbox 2556 1453 2660 1485; x_wconf 84' lang='lat' dir='ltr'><strong>esse</strong></span> <span class='ocrx_word' id='word_1_167' title='bbox 2702 1439 2762 1484; x_wconf 90' lang='grc'><strong>(16</strong></span> 
     </span>
     <span class='ocr_line' id='line_1_15' title="bbox 633 1520 2762 1581; baseline -0 -11"><span class='ocrx_word' id='word_1_168' title='bbox 633 1524 826 1570; x_wconf 90' lang='lat' dir='ltr'><strong>inimico</strong></span> <span class='ocrx_word' id='word_1_169' title='bbox 860 1523 1057 1569; x_wconf 85' lang='lat' dir='ltr'><strong>crimina</strong></span> <span class='ocrx_word' id='word_1_170' title='bbox 1089 1522 1307 1568; x_wconf 86' lang='lat' dir='ltr'><strong>volebam</strong></span> <span class='ocrx_word' id='word_1_171' title='bbox 1337 1523 1417 1579; x_wconf 89' lang='lat'><strong>42,</strong></span> <span class='ocrx_word' id='word_1_172' title='bbox 1455 1523 1530 1567; x_wconf 90' lang='lat'><strong>13.</strong></span> <span class='ocrx_word' id='word_1_173' title='bbox 1591 1520 1908 1581; x_wconf 55' lang='lat' dir='ltr'><strong>Quen-entibus</strong></span> <span class='ocrx_word' id='word_1_174' title='bbox 1940 1522 1999 1567; x_wconf 87' lang='lat' dir='ltr'><strong>de</strong></span> <span class='ocrx_word' id='word_1_175' title='bbox 2030 1521 2173 1567; x_wconf 84' lang='lat' dir='ltr'><strong>nobis</strong></span> <span class='ocrx_word' id='word_1_176' title='bbox 2205 1521 2497 1569; x_wconf 81' lang='lat' dir='ltr'><strong>Samnitibus</strong></span> <span class='ocrx_word' id='word_1_177' title='bbox 2528 1525 2577 1581; x_wconf 83' lang='lat'><strong>8,</strong></span> <span class='ocrx_word' id='word_1_178' title='bbox 2604 1525 2653 1569; x_wconf 92' lang='lat'><strong>4.</strong></span> <span class='ocrx_word' id='word_1_179' title='bbox 2702 1524 2762 1568; x_wconf 87' lang='lat' dir='ltr'><strong>de</strong></span> 
     </span>
     <span class='ocr_line' id='line_1_16' title="bbox 636 1605 2760 1668; baseline 0 -14"><span class='ocrx_word' id='word_1_180' title='bbox 636 1609 782 1654; x_wconf 86' lang='lat' dir='ltr'><strong>caede</strong></span> <span class='ocrx_word' id='word_1_181' title='bbox 814 1607 1026 1653; x_wconf 83' lang='lat' dir='ltr'><strong>stationis</strong></span> <span class='ocrx_word' id='word_1_182' title='bbox 1058 1607 1297 1651; x_wconf 83' lang='lat' dir='ltr'><strong>Romanae</strong></span> <span class='ocrx_word' id='word_1_183' title='bbox 1329 1605 1634 1666; x_wconf 78' lang='lat' dir='ltr'><strong>querentibus</strong></span> <span class='ocrx_word' id='word_1_184' title='bbox 1669 1605 1751 1660; x_wconf 88' lang='lat'><strong>24,</strong></span> <span class='ocrx_word' id='word_1_185' title='bbox 1772 1606 1850 1650; x_wconf 92' lang='lat'><strong>29.</strong></span> <span class='ocrx_word' id='word_1_186' title='bbox 1896 1605 1955 1651; x_wconf 90' lang='lat' dir='ltr'><strong>de</strong></span> <span class='ocrx_word' id='word_1_187' title='bbox 1988 1605 2252 1652; x_wconf 87' lang='lat' dir='ltr'><strong>conditione</strong></span> <span class='ocrx_word' id='word_1_188' title='bbox 2284 1611 2443 1654; x_wconf 81' lang='lat' dir='ltr'><strong>nostra</strong></span> <span class='ocrx_word' id='word_1_189' title='bbox 2475 1622 2651 1668; x_wconf 83' lang='lat' dir='ltr'><strong>queror</strong></span> <span class='ocrx_word' id='word_1_190' title='bbox 2681 1609 2760 1665; x_wconf 81' lang='grc'>25,</span> 
     </span>
     <span class='ocr_line' id='line_1_17' title="bbox 632 1690 2762 1752; baseline 0 -14"><span class='ocrx_word' id='word_1_191' title='bbox 632 1695 681 1739; x_wconf 81' lang='lat'><strong>5.</strong></span> <span class='ocrx_word' id='word_1_192' title='bbox 713 1697 769 1737; x_wconf 92' lang='lat' dir='ltr'><strong>ut</strong></span> <span class='ocrx_word' id='word_1_193' title='bbox 802 1696 1024 1752; x_wconf 85' lang='lat' dir='ltr'><strong>questum</strong></span> <span class='ocrx_word' id='word_1_194' title='bbox 1055 1692 1115 1737; x_wconf 90' lang='lat' dir='ltr'><strong>de</strong></span> <span class='ocrx_word' id='word_1_195' title='bbox 1146 1705 1196 1736; x_wconf 87' lang='lat' dir='ltr'><strong>se</strong></span> <span class='ocrx_word' id='word_1_196' title='bbox 1228 1691 1429 1737; x_wconf 85' lang='lat' dir='ltr'><strong>Romam</strong></span> <span class='ocrx_word' id='word_1_197' title='bbox 1460 1690 1674 1736; x_wconf 85' lang='lat' dir='ltr'><strong>venirent</strong></span> <span class='ocrx_word' id='word_1_198' title='bbox 1703 1691 1783 1746; x_wconf 94' lang='lat'><strong>26,</strong></span> <span class='ocrx_word' id='word_1_199' title='bbox 1805 1691 1886 1736; x_wconf 86' lang='lat'><strong>26.</strong></span> <span class='ocrx_word' id='word_1_200' title='bbox 1932 1690 2134 1735; x_wconf 86' lang='lat' dir='ltr'><strong>Romam</strong></span> <span class='ocrx_word' id='word_1_201' title='bbox 2165 1692 2225 1736; x_wconf 89' lang='grc'><strong>(16</strong></span> <span class='ocrx_word' id='word_1_202' title='bbox 2254 1706 2306 1737; x_wconf 90' lang='lat' dir='ltr'><strong>se</strong></span> <span class='ocrx_word' id='word_1_203' title='bbox 2327 1696 2548 1751; x_wconf 86' lang='lat' dir='ltr'><strong>questum</strong></span> <span class='ocrx_word' id='word_1_204' title='bbox 2569 1693 2762 1738; x_wconf 80' lang='lat' dir='ltr'><strong>venisse</strong></span> 
     </span>
     <span class='ocr_line' id='line_1_18' title="bbox 635 1773 2761 1837; baseline -0 -14"><span class='ocrx_word' id='word_1_205' title='bbox 635 1779 715 1834; x_wconf 89' lang='lat'><strong>26,</strong></span> <span class='ocrx_word' id='word_1_206' title='bbox 738 1779 817 1823; x_wconf 91' lang='lat'><strong>29.</strong></span> <span class='ocrx_word' id='word_1_207' title='bbox 850 1791 945 1835; x_wconf 91' lang='lat' dir='ltr'><strong>quo</strong></span> <span class='ocrx_word' id='word_1_208' title='bbox 977 1776 1131 1820; x_wconf 89' lang='lat' dir='ltr'><strong>minus</strong></span> <span class='ocrx_word' id='word_1_209' title='bbox 1164 1777 1225 1820; x_wconf 90' lang='lat' dir='ltr'><strong>de</strong></span> <span class='ocrx_word' id='word_1_210' title='bbox 1260 1789 1318 1820; x_wconf 92' lang='lat' dir='ltr'><strong>eo</strong></span> <span class='ocrx_word' id='word_1_211' title='bbox 1350 1775 1499 1820; x_wconf 84' lang='lat' dir='ltr'><strong>libere</strong></span> <span class='ocrx_word' id='word_1_212' title='bbox 1532 1779 1793 1833; x_wconf 82' lang='lat' dir='ltr'><strong>querantur</strong></span> <span class='ocrx_word' id='word_1_213' title='bbox 1820 1773 1886 1817; x_wconf 89' lang='lat' dir='ltr'><strong>ib.</strong></span> <span class='ocrx_word' id='word_1_214' title='bbox 1919 1774 1959 1818; x_wconf 88' lang='lat' dir='ltr'><strong>si</strong></span> <span class='ocrx_word' id='word_1_215' title='bbox 1991 1775 2050 1819; x_wconf 90' lang='lat' dir='ltr'><strong>de</strong></span> <span class='ocrx_word' id='word_1_216' title='bbox 2082 1775 2134 1819; x_wconf 88' lang='lat' dir='ltr'><strong>P.</strong></span> <span class='ocrx_word' id='word_1_217' title='bbox 2174 1775 2397 1836; x_wconf 82' lang='lat' dir='ltr'><strong>Scipione</strong></span> <span class='ocrx_word' id='word_1_218' title='bbox 2416 1776 2604 1836; x_wconf 83' lang='lat' dir='ltr'><strong>publice</strong></span> <span class='ocrx_word' id='word_1_219' title='bbox 2625 1778 2761 1837; x_wconf 87' lang='lat' dir='ltr'><strong>queri</strong></span> 
     </span>
     <span class='ocr_line' id='line_1_19' title="bbox 634 1858 2760 1920; baseline 0 -14"><span class='ocrx_word' id='word_1_220' title='bbox 634 1862 810 1907; x_wconf 87' lang='lat' dir='ltr'><strong>vellent</strong></span> <span class='ocrx_word' id='word_1_221' title='bbox 842 1862 922 1917; x_wconf 89' lang='grc'><strong>29,</strong></span> <span class='ocrx_word' id='word_1_222' title='bbox 944 1861 1023 1906; x_wconf 89' lang='grc'><strong>21.</strong></span> <span class='ocrx_word' id='word_1_223' title='bbox 1055 1860 1115 1904; x_wconf 89' lang='grc'><strong>(16</strong></span> <span class='ocrx_word' id='word_1_224' title='bbox 1148 1873 1240 1919; x_wconf 87' lang='lat' dir='ltr'><strong>qua</strong></span> <span class='ocrx_word' id='word_1_225' title='bbox 1272 1873 1430 1918; x_wconf 86' lang='lat' dir='ltr'><strong>neque</strong></span> <span class='ocrx_word' id='word_1_226' title='bbox 1459 1858 1552 1918; x_wconf 85' lang='lat' dir='ltr'><strong>ipsi</strong></span> <span class='ocrx_word' id='word_1_227' title='bbox 1583 1858 1719 1918; x_wconf 87' lang='lat' dir='ltr'><strong>queri</strong></span> <span class='ocrx_word' id='word_1_228' title='bbox 1749 1863 1947 1918; x_wconf 84' lang='lat' dir='ltr'><strong>possunt</strong></span> <span class='ocrx_word' id='word_1_229' title='bbox 1979 1860 2059 1914; x_wconf 87' lang='lat'><strong>31,</strong></span> <span class='ocrx_word' id='word_1_230' title='bbox 2084 1861 2162 1904; x_wconf 88' lang='lat'><strong>31.</strong></span> <span class='ocrx_word' id='word_1_231' title='bbox 2195 1860 2256 1904; x_wconf 88' lang='lat' dir='ltr'><strong>ad</strong></span> <span class='ocrx_word' id='word_1_232' title='bbox 2285 1860 2577 1920; x_wconf 81' lang='lat' dir='ltr'><strong>querendum</strong></span> <span class='ocrx_word' id='word_1_233' title='bbox 2611 1861 2671 1907; x_wconf 87' lang='grc'><strong>(16</strong></span> <span class='ocrx_word' id='word_1_234' title='bbox 2691 1861 2760 1907; x_wconf 85' lang='lat' dir='ltr'><strong>la·</strong></span> 
     </span>
     <span class='ocr_line' id='line_1_20' title="bbox 636 1941 2761 2007; baseline 0.001 -17"><span class='ocrx_word' id='word_1_235' title='bbox 636 1945 844 1992; x_wconf 85' lang='lat' dir='ltr'><strong>trociniis</strong></span> <span class='ocrx_word' id='word_1_236' title='bbox 876 1959 962 2006; x_wconf 86' lang='lat' dir='ltr'><strong>per</strong></span> <span class='ocrx_word' id='word_1_237' title='bbox 994 1943 1201 1991; x_wconf 84' lang='lat' dir='ltr'><strong>civitates</strong></span> <span class='ocrx_word' id='word_1_238' title='bbox 1225 1942 1368 1988; x_wconf 83' lang='lat' dir='ltr'><strong>mittit</strong></span> <span class='ocrx_word' id='word_1_239' title='bbox 1399 1944 1476 2000; x_wconf 82' lang='lat'><strong>33,</strong></span> <span class='ocrx_word' id='word_1_240' title='bbox 1500 1942 1575 1988; x_wconf 92' lang='grc'><strong>29.</strong></span> <span class='ocrx_word' id='word_1_241' title='bbox 1616 1956 1757 2003; x_wconf 86' lang='lat' dir='ltr'><strong>saepe</strong></span> <span class='ocrx_word' id='word_1_242' title='bbox 1787 1956 1867 1988; x_wconf 87' lang='lat' dir='ltr'><strong>me</strong></span> <span class='ocrx_word' id='word_1_243' title='bbox 1898 1947 2171 2003; x_wconf 84' lang='lat' dir='ltr'><strong>querentem</strong></span> <span class='ocrx_word' id='word_1_244' title='bbox 2203 1942 2263 1989; x_wconf 88' lang='grc'><strong>(16</strong></span> <span class='ocrx_word' id='word_1_245' title='bbox 2293 1941 2589 2003; x_wconf 81' lang='lat' dir='ltr'><strong>feminarum,</strong></span> <span class='ocrx_word' id='word_1_246' title='bbox 2621 1953 2761 2007; x_wconf 83' lang='lat' dir='ltr'><strong>saepe</strong></span> 
     </span>
     <span class='ocr_line' id='line_1_21' title="bbox 627 2012 2760 2090; baseline 0 -14"><span class='ocrx_word' id='word_1_247' title='bbox 627 2012 705 2077; x_wconf 83' lang='lat' dir='ltr'><strong>de</strong></span> <span class='ocrx_word' id='word_1_248' title='bbox 728 2029 967 2085; x_wconf 84' lang='lat' dir='ltr'><strong>vicorum,</strong></span> <span class='ocrx_word' id='word_1_249' title='bbox 1000 2043 1087 2076; x_wconf 82' lang='lat' dir='ltr'><strong>nec</strong></span> <span class='ocrx_word' id='word_1_250' title='bbox 1118 2028 1176 2076; x_wconf 88' lang='lat' dir='ltr'><strong>de</strong></span> <span class='ocrx_word' id='word_1_251' title='bbox 1204 2027 1494 2090; x_wconf 81' lang='lat' dir='ltr'><strong>privatorum</strong></span> <span class='ocrx_word' id='word_1_252' title='bbox 1524 2026 1669 2073; x_wconf 90' lang='lat' dir='ltr'><strong>modo</strong></span> <span class='ocrx_word' id='word_1_253' title='bbox 1700 2026 1786 2073; x_wconf 86' lang='lat' dir='ltr'><strong>sed</strong></span> <span class='ocrx_word' id='word_1_254' title='bbox 1815 2026 1960 2073; x_wconf 79' lang='lat' dir='ltr'><strong>etiam</strong></span> <span class='ocrx_word' id='word_1_255' title='bbox 1990 2026 2347 2090; x_wconf 84' lang='lat' dir='ltr'><strong>magistratuum</strong></span> <span class='ocrx_word' id='word_1_256' title='bbox 2377 2028 2646 2089; x_wconf 77' lang='lat' dir='ltr'><strong>sumptibus</strong></span> <span class='ocrx_word' id='word_1_257' title='bbox 2674 2043 2760 2077; x_wconf 87' lang='lat' dir='ltr'><strong>au-</strong></span> 
     </span>
     <span class='ocr_line' id='line_1_22' title="bbox 633 2112 2760 2174; baseline 0 -15"><span class='ocrx_word' id='word_1_258' title='bbox 633 2115 767 2159; x_wconf 89' lang='lat' dir='ltr'><strong>distis</strong></span> <span class='ocrx_word' id='word_1_259' title='bbox 799 2116 878 2171; x_wconf 89' lang='lat'>34,</span> <span class='ocrx_word' id='word_1_260' title='bbox 901 2116 948 2158; x_wconf 86' lang='lat'><strong>4.</strong></span> <span class='ocrx_word' id='word_1_261' title='bbox 983 2114 1065 2174; x_wconf 88' lang='lat' dir='ltr'><strong>qui</strong></span> <span class='ocrx_word' id='word_1_262' title='bbox 1100 2115 1158 2159; x_wconf 88' lang='lat' dir='ltr'><strong>de</strong></span> <span class='ocrx_word' id='word_1_263' title='bbox 1189 2114 1372 2158; x_wconf 83' lang='lat' dir='ltr'><strong>iniuriis</strong></span> <span class='ocrx_word' id='word_1_264' title='bbox 1400 2112 1675 2157; x_wconf 80' lang='lat' dir='ltr'><strong>Masinissae</strong></span> <span class='ocrx_word' id='word_1_265' title='bbox 1717 2115 1977 2172; x_wconf 86' lang='lat' dir='ltr'><strong>querentur</strong></span> <span class='ocrx_word' id='word_1_266' title='bbox 2006 2113 2086 2168; x_wconf 88' lang='lat'>34,</span> <span class='ocrx_word' id='word_1_267' title='bbox 2115 2114 2194 2158; x_wconf 92' lang='grc'><strong>61.</strong></span> <span class='ocrx_word' id='word_1_268' title='bbox 2221 2117 2458 2173; x_wconf 59' lang='lat' dir='ltr'><strong>,questum</strong></span> <span class='ocrx_word' id='word_1_269' title='bbox 2487 2113 2549 2159; x_wconf 90' lang='lat' dir='ltr'><strong>de</strong></span> <span class='ocrx_word' id='word_1_270' title='bbox 2579 2127 2633 2159; x_wconf 87' lang='lat' dir='ltr'><strong>se</strong></span> <span class='ocrx_word' id='word_1_271' title='bbox 2662 2113 2760 2160; x_wconf 87' lang='lat' dir='ltr'><strong>Ro-</strong></span> 
     </span>
     <span class='ocr_line' id='line_1_23' title="bbox 635 2197 2760 2255; baseline 0.001 -13"><span class='ocrx_word' id='word_1_272' title='bbox 635 2212 763 2242; x_wconf 87' lang='lat' dir='ltr'><strong>mam</strong></span> <span class='ocrx_word' id='word_1_273' title='bbox 792 2199 939 2242; x_wconf 86' lang='lat' dir='ltr'><strong>ituros</strong></span> <span class='ocrx_word' id='word_1_274' title='bbox 971 2200 1048 2255; x_wconf 91' lang='lat'>34,</span> <span class='ocrx_word' id='word_1_275' title='bbox 1073 2200 1148 2243; x_wconf 90' lang='lat'><strong>62.</strong></span> <span class='ocrx_word' id='word_1_276' title='bbox 1182 2199 1268 2243; x_wconf 82' lang='lat' dir='ltr'><strong>sic:</strong></span> <span class='ocrx_word' id='word_1_277' title='bbox 1302 2200 1380 2255; x_wconf 89' lang='lat'><strong>36,</strong></span> <span class='ocrx_word' id='word_1_278' title='bbox 1402 2199 1481 2243; x_wconf 87' lang='lat'><strong>31.</strong></span> <span class='ocrx_word' id='word_1_279' title='bbox 1514 2198 1594 2253; x_wconf 87' lang='lat'><strong>39,</strong></span> <span class='ocrx_word' id='word_1_280' title='bbox 1617 2198 1698 2241; x_wconf 82' lang='lat'><strong>33.</strong></span> <span class='ocrx_word' id='word_1_281' title='bbox 1725 2198 1804 2251; x_wconf 89' lang='grc'><strong>39,</strong></span> <span class='ocrx_word' id='word_1_282' title='bbox 1824 2197 1906 2241; x_wconf 82' lang='lat'><strong>54.</strong></span> <span class='ocrx_word' id='word_1_283' title='bbox 1936 2197 2017 2253; x_wconf 82' lang='grc'><strong>40,</strong></span> <span class='ocrx_word' id='word_1_284' title='bbox 2039 2197 2086 2241; x_wconf 92' lang='grc'><strong>2.</strong></span> <span class='ocrx_word' id='word_1_285' title='bbox 2118 2197 2198 2253; x_wconf 83' lang='grc'><strong>49,</strong></span> <span class='ocrx_word' id='word_1_286' title='bbox 2223 2199 2294 2241; x_wconf 83' lang='grc'><strong>18.</strong></span> <span class='ocrx_word' id='word_1_287' title='bbox 2326 2198 2408 2254; x_wconf 90' lang='grc'>42,</span> <span class='ocrx_word' id='word_1_288' title='bbox 2437 2198 2512 2242; x_wconf 77' lang='grc'><strong>24.</strong></span> <span class='ocrx_word' id='word_1_289' title='bbox 2556 2198 2760 2245; x_wconf 74' lang='lat' dir='ltr'><strong>Thessa-</strong></span> 
     </span>
     <span class='ocr_line' id='line_1_24' title="bbox 635 2281 2758 2344; baseline 0.002 -19"><span class='ocrx_word' id='word_1_290' title='bbox 635 2284 791 2326; x_wconf 77' lang='lat' dir='ltr'><strong>lorum</strong></span> <span class='ocrx_word' id='word_1_291' title='bbox 824 2287 871 2325; x_wconf 89' lang='lat' dir='ltr'><strong>et</strong></span> <span class='ocrx_word' id='word_1_292' title='bbox 900 2282 1276 2326; x_wconf 84' lang='lat' dir='ltr'><strong>Perrhaeborum</strong></span> <span class='ocrx_word' id='word_1_293' title='bbox 1307 2284 1529 2344; x_wconf 70' lang='lat' dir='ltr'><strong>querelae</strong></span> <span class='ocrx_word' id='word_1_294' title='bbox 1559 2283 1619 2326; x_wconf 89' lang='lat' dir='ltr'><strong>de</strong></span> <span class='ocrx_word' id='word_1_295' title='bbox 1650 2281 1851 2325; x_wconf 87' lang='lat' dir='ltr'><strong>urbibus</strong></span> <span class='ocrx_word' id='word_1_296' title='bbox 1883 2282 2009 2338; x_wconf 83' lang='lat' dir='ltr'><strong>suis,</strong></span> <span class='ocrx_word' id='word_1_297' title='bbox 2051 2281 2112 2324; x_wconf 78' lang='lat' dir='ltr'><strong>ab</strong></span> <span class='ocrx_word' id='word_1_298' title='bbox 2151 2295 2209 2325; x_wconf 85' lang='lat' dir='ltr'><strong>eo</strong></span> <span class='ocrx_word' id='word_1_299' title='bbox 2239 2283 2491 2343; x_wconf 78' lang='lat' dir='ltr'><strong>possessis,</strong></span> <span class='ocrx_word' id='word_1_300' title='bbox 2533 2284 2758 2330; x_wconf 76' lang='lat' dir='ltr'><strong>Eumenis</strong></span> 
     </span>
     <span class='ocr_line' id='line_1_25' title="bbox 632 2366 2756 2429; baseline 0.001 -16"><span class='ocrx_word' id='word_1_301' title='bbox 632 2369 759 2429; x_wconf 87' lang='lat' dir='ltr'><strong>regis</strong></span> <span class='ocrx_word' id='word_1_302' title='bbox 791 2369 852 2411; x_wconf 91' lang='grc'><strong>(16</strong></span> <span class='ocrx_word' id='word_1_303' title='bbox 891 2367 1101 2411; x_wconf 84' lang='lat' dir='ltr'><strong>Thraciis</strong></span> <span class='ocrx_word' id='word_1_304' title='bbox 1133 2368 1317 2427; x_wconf 78' lang='lat' dir='ltr'><strong>oppidis</strong></span> <span class='ocrx_word' id='word_1_305' title='bbox 1347 2382 1434 2428; x_wconf 89' lang='lat' dir='ltr'><strong>per</strong></span> <span class='ocrx_word' id='word_1_306' title='bbox 1464 2369 1562 2412; x_wconf 81' lang='lat' dir='ltr'><strong>vim</strong></span> <span class='ocrx_word' id='word_1_307' title='bbox 1593 2367 1862 2427; x_wconf 82' lang='lat' dir='ltr'><strong>occupatis,</strong></span> <span class='ocrx_word' id='word_1_308' title='bbox 1895 2367 1962 2409; x_wconf 76' lang='lat' dir='ltr'><strong>ita</strong></span> <span class='ocrx_word' id='word_1_309' title='bbox 1993 2366 2181 2410; x_wconf 77' lang='lat' dir='ltr'><strong>auditae</strong></span> <span class='ocrx_word' id='word_1_310' title='bbox 2214 2373 2367 2424; x_wconf 86' lang='lat' dir='ltr'><strong>eraut,</strong></span> <span class='ocrx_word' id='word_1_311' title='bbox 2400 2373 2450 2412; x_wconf 86' lang='lat' dir='ltr'><strong>ut</strong></span> <span class='ocrx_word' id='word_1_312' title='bbox 2480 2390 2544 2404; x_wconf 89' lang='lat'><strong>—-</strong></span> <span class='ocrx_word' id='word_1_313' title='bbox 2573 2371 2655 2425; x_wconf 85' lang='grc'><strong>39,</strong></span> <span class='ocrx_word' id='word_1_314' title='bbox 2678 2370 2756 2415; x_wconf 73' lang='lat'><strong>24.</strong></span> 
     </span>
     <span class='ocr_line' id='line_1_26' title="bbox 631 2451 2759 2513; baseline 0 -15"><span class='ocrx_word' id='word_1_315' title='bbox 631 2454 975 2513; x_wconf 85' lang='lat' dir='ltr'><strong>interposuerat</strong></span> <span class='ocrx_word' id='word_1_316' title='bbox 1006 2458 1051 2496; x_wconf 89' lang='lat' dir='ltr'><strong>et</strong></span> <span class='ocrx_word' id='word_1_317' title='bbox 1083 2454 1296 2511; x_wconf 82' lang='lat' dir='ltr'><strong>querelas</strong></span> <span class='ocrx_word' id='word_1_318' title='bbox 1328 2454 1389 2498; x_wconf 85' lang='grc'><strong>(16</strong></span> <span class='ocrx_word' id='word_1_319' title='bbox 1418 2451 1665 2510; x_wconf 85' lang='lat' dir='ltr'><strong>iniquitate</strong></span> <span class='ocrx_word' id='word_1_320' title='bbox 1709 2453 2010 2496; x_wconf 79' lang='lat' dir='ltr'><strong>decretorum</strong></span> <span class='ocrx_word' id='word_1_321' title='bbox 2040 2453 2122 2505; x_wconf 85' lang='lat'><strong>39,</strong></span> <span class='ocrx_word' id='word_1_322' title='bbox 2154 2453 2232 2496; x_wconf 74' lang='lat'><strong>47.</strong></span> <span class='ocrx_word' id='word_1_323' title='bbox 2276 2454 2336 2497; x_wconf 87' lang='lat' dir='ltr'><strong>de</strong></span> <span class='ocrx_word' id='word_1_324' title='bbox 2368 2453 2416 2498; x_wconf 88' lang='lat' dir='ltr'><strong>C.</strong></span> <span class='ocrx_word' id='word_1_325' title='bbox 2451 2454 2616 2499; x_wconf 79' lang='lat' dir='ltr'><strong>Cassio</strong></span> <span class='ocrx_word' id='word_1_326' title='bbox 2642 2461 2759 2513; x_wconf 63' lang='lat' dir='ltr'><strong>que-</strong></span> 
     </span>
     <span class='ocr_line' id='line_1_27' title="bbox 632 2534 2756 2600; baseline 0.001 -17"><span class='ocrx_word' id='word_1_327' title='bbox 632 2538 757 2584; x_wconf 83' lang='lat' dir='ltr'><strong>relae</strong></span> <span class='ocrx_word' id='word_1_328' title='bbox 790 2538 850 2583; x_wconf 90' lang='lat' dir='ltr'><strong>ad</strong></span> <span class='ocrx_word' id='word_1_329' title='bbox 882 2541 1095 2583; x_wconf 88' lang='lat' dir='ltr'><strong>senatum</strong></span> <span class='ocrx_word' id='word_1_330' title='bbox 1126 2538 1303 2584; x_wconf 86' lang='lat' dir='ltr'><strong>delatae</strong></span> <span class='ocrx_word' id='word_1_331' title='bbox 1335 2542 1446 2583; x_wconf 87' lang='lat' dir='ltr'><strong>sunt</strong></span> <span class='ocrx_word' id='word_1_332' title='bbox 1475 2538 1555 2594; x_wconf 88' lang='lat'>43,</span> <span class='ocrx_word' id='word_1_333' title='bbox 1584 2537 1634 2583; x_wconf 81' lang='lat'><strong>5.</strong></span> <span class='ocrx_word' id='word_1_334' title='bbox 1672 2534 1999 2597; x_wconf 62' lang='lat' dir='ltr'><strong>quen-innomine</strong></span> <span class='ocrx_word' id='word_1_335' title='bbox 2039 2536 2100 2582; x_wconf 87' lang='lat' dir='ltr'><strong>de</strong></span> <span class='ocrx_word' id='word_1_336' title='bbox 2131 2536 2350 2597; x_wconf 77' lang='lat' dir='ltr'><strong>Philippo</strong></span> <span class='ocrx_word' id='word_1_337' title='bbox 2389 2552 2499 2584; x_wconf 82' lang='lat' dir='ltr'><strong>non·</strong></span> <span class='ocrx_word' id='word_1_338' title='bbox 2519 2537 2756 2600; x_wconf 77' lang='lat' dir='ltr'><strong>neglng</strong></span> 
     </span>
     <span class='ocr_line' id='line_1_28' title="bbox 631 2618 2755 2684; baseline 0.001 -16"><span class='ocrx_word' id='word_1_339' title='bbox 631 2626 707 2668; x_wconf 84' lang='lat' dir='ltr'><strong>ter</strong></span> <span class='ocrx_word' id='word_1_340' title='bbox 738 2636 765 2666; x_wconf 90' lang='lat' dir='ltr'><strong>a</strong></span> <span class='ocrx_word' id='word_1_341' title='bbox 797 2620 1020 2667; x_wconf 89' lang='lat' dir='ltr'><strong>Romanis</strong></span> <span class='ocrx_word' id='word_1_342' title='bbox 1052 2621 1205 2666; x_wconf 84' lang='lat' dir='ltr'><strong>audiri</strong></span> <span class='ocrx_word' id='word_1_343' title='bbox 1245 2623 1323 2680; x_wconf 88' lang='lat'><strong>39,</strong></span> <span class='ocrx_word' id='word_1_344' title='bbox 1357 2622 1434 2667; x_wconf 91' lang='lat'><strong>46.</strong></span> <span class='ocrx_word' id='word_1_345' title='bbox 1499 2619 1573 2666; x_wconf 86' lang='lat' dir='ltr'><strong>De</strong></span> <span class='ocrx_word' id='word_1_346' title='bbox 1612 2619 1966 2681; x_wconf 81' lang='lat' dir='ltr'><strong>magistratuum</strong></span> <span class='ocrx_word' id='word_1_347' title='bbox 1995 2618 2314 2668; x_wconf 86' lang='lat' dir='ltr'><strong>Romanorum</strong></span> <span class='ocrx_word' id='word_1_348' title='bbox 2352 2620 2551 2668; x_wconf 78' lang='lat' dir='ltr'><strong>avaritia</strong></span> <span class='ocrx_word' id='word_1_349' title='bbox 2588 2637 2755 2684; x_wconf 65' lang='lat' dir='ltr'><strong>super·</strong></span> 
     </span>
     <span class='ocr_line' id='line_1_29' title="bbox 632 2703 2753 2767; baseline 0 -16"><span class='ocrx_word' id='word_1_350' title='bbox 632 2706 805 2767; x_wconf 90' lang='lat' dir='ltr'><strong>biaque</strong></span> <span class='ocrx_word' id='word_1_351' title='bbox 837 2704 1083 2766; x_wconf 73' lang='lat' dir='ltr'><strong>conquesti</strong></span> <span class='ocrx_word' id='word_1_352' title='bbox 1108 2706 1187 2763; x_wconf 83' lang='lat'>43,</span> <span class='ocrx_word' id='word_1_353' title='bbox 1209 2707 1256 2752; x_wconf 88' lang='grc'><strong>2.</strong></span> <span class='ocrx_word' id='word_1_354' title='bbox 1306 2706 1483 2763; x_wconf 71' lang='lat' dir='ltr'><strong>Quibus</strong></span> <span class='ocrx_word' id='word_1_355' title='bbox 1512 2703 1779 2750; x_wconf 69' lang='lat' dir='ltr'><strong>mendaciis</strong></span> <span class='ocrx_word' id='word_1_356' title='bbox 1810 2704 1880 2750; x_wconf 88' lang='grc'><strong>(16-</strong></span> <span class='ocrx_word' id='word_1_357' title='bbox 1900 2717 2010 2765; x_wconf 81' lang='lat' dir='ltr'><strong>rege</strong></span> <span class='ocrx_word' id='word_1_358' title='bbox 2042 2711 2260 2751; x_wconf 76' lang='lat' dir='ltr'><strong>erexerat</strong></span> <span class='ocrx_word' id='word_1_359' title='bbox 2288 2705 2544 2752; x_wconf 83' lang='lat' dir='ltr'><strong>multorum</strong></span> <span class='ocrx_word' id='word_1_360' title='bbox 2574 2706 2753 2764; x_wconf 73' lang='lat' dir='ltr'><strong>anianus</strong></span> 
     </span>
     <span class='ocr_line' id='line_1_30' title="bbox 633 2786 2755 2851; baseline 0 -14"><span class='ocrx_word' id='word_1_361' title='bbox 633 2793 709 2847; x_wconf 79' lang='lat'><strong>35,</strong></span> <span class='ocrx_word' id='word_1_362' title='bbox 742 2792 816 2837; x_wconf 90' lang='grc'><strong>42.</strong></span> <span class='ocrx_word' id='word_1_363' title='bbox 873 2791 936 2835; x_wconf 90' lang='grc'><strong>(16</strong></span> <span class='ocrx_word' id='word_1_364' title='bbox 967 2789 1180 2851; x_wconf 83' lang='lat' dir='ltr'><strong>Philippo</strong></span> <span class='ocrx_word' id='word_1_365' title='bbox 1218 2794 1265 2836; x_wconf 89' lang='lat' dir='ltr'><strong>et</strong></span> <span class='ocrx_word' id='word_1_366' title='bbox 1296 2790 1476 2836; x_wconf 87' lang='lat' dir='ltr'><strong>Nabide</strong></span> <span class='ocrx_word' id='word_1_367' title='bbox 1506 2790 1660 2836; x_wconf 90' lang='lat' dir='ltr'><strong>libero</strong></span> <span class='ocrx_word' id='word_1_368' title='bbox 1688 2786 1934 2835; x_wconf 70' lang='lat' dir='ltr'><strong>mendacio</strong></span> <span class='ocrx_word' id='word_1_369' title='bbox 1965 2789 2184 2835; x_wconf 87' lang='lat' dir='ltr'><strong>utebatur</strong></span> <span class='ocrx_word' id='word_1_370' title='bbox 2215 2790 2294 2845; x_wconf 79' lang='lat'><strong>35,</strong></span> <span class='ocrx_word' id='word_1_371' title='bbox 2327 2790 2402 2835; x_wconf 88' lang='lat'><strong>12.</strong></span> <span class='ocrx_word' id='word_1_372' title='bbox 2457 2789 2577 2836; x_wconf 82' lang='lat' dir='ltr'><strong>Cum</strong></span> <span class='ocrx_word' id='word_1_373' title='bbox 2608 2790 2677 2837; x_wconf 86' lang='grc'><strong>(16.</strong></span> <span class='ocrx_word' id='word_1_374' title='bbox 2698 2802 2755 2838; x_wconf 71' lang='lat' dir='ltr'><strong>ea</strong></span> 
     </span>
     <span class='ocr_line' id='line_1_31' title="bbox 632 2872 2756 2936; baseline 0.002 -18"><span class='ocrx_word' id='word_1_375' title='bbox 632 2888 687 2919; x_wconf 85' lang='lat' dir='ltr'><strong>re</strong></span> <span class='ocrx_word' id='word_1_376' title='bbox 719 2874 953 2935; x_wconf 76' lang='lat' dir='ltr'><strong>scriptum</strong></span> <span class='ocrx_word' id='word_1_377' title='bbox 984 2882 1102 2920; x_wconf 73' lang='lat' dir='ltr'><strong>esset</strong></span> <span class='ocrx_word' id='word_1_378' title='bbox 1135 2878 1180 2932; x_wconf 86' lang='grc'><strong>8,</strong></span> <span class='ocrx_word' id='word_1_379' title='bbox 1202 2877 1278 2921; x_wconf 88' lang='lat'><strong>23.</strong></span> <span class='ocrx_word' id='word_1_380' title='bbox 1323 2889 1384 2920; x_wconf 91' lang='lat' dir='ltr'><strong>ne</strong></span> <span class='ocrx_word' id='word_1_381' title='bbox 1416 2874 1532 2935; x_wconf 90' lang='lat' dir='ltr'><strong>quid</strong></span> <span class='ocrx_word' id='word_1_382' title='bbox 1565 2875 1626 2921; x_wconf 90' lang='lat' dir='ltr'><strong>de</strong></span> <span class='ocrx_word' id='word_1_383' title='bbox 1658 2874 1839 2936; x_wconf 85' lang='lat' dir='ltr'><strong>collega·</strong></span> <span class='ocrx_word' id='word_1_384' title='bbox 1867 2872 2093 2920; x_wconf 82' lang='lat' dir='ltr'><strong>scriberet</strong></span> <span class='ocrx_word' id='word_1_385' title='bbox 2124 2875 2172 2930; x_wconf 82' lang='lat'><strong>8,</strong></span> <span class='ocrx_word' id='word_1_386' title='bbox 2200 2874 2276 2919; x_wconf 82' lang='lat'><strong>33.</strong></span> <span class='ocrx_word' id='word_1_387' title='bbox 2318 2874 2578 2934; x_wconf 82' lang='lat' dir='ltr'><strong>eademque</strong></span> <span class='ocrx_word' id='word_1_388' title='bbox 2606 2873 2756 2922; x_wconf 61' lang='lat' dir='ltr'><strong>fietne</strong></span> 
     </span>
     <span class='ocr_line' id='line_1_32' title="bbox 630 2958 2756 3022; baseline 0.002 -17"><span class='ocrx_word' id='word_1_389' title='bbox 630 2959 694 3006; x_wconf 91' lang='lat' dir='ltr'><strong>de</strong></span> <span class='ocrx_word' id='word_1_390' title='bbox 726 2958 956 3019; x_wconf 83' lang='lat' dir='ltr'><strong>stipendio</strong></span> <span class='ocrx_word' id='word_1_391' title='bbox 987 2958 1320 3020; x_wconf 82' lang='lat' dir='ltr'><strong>frumentoque</strong></span> <span class='ocrx_word' id='word_1_392' title='bbox 1348 2979 1418 2997; x_wconf 50' lang='lat'><strong>¹-</strong></span> <span class='ocrx_word' id='word_1_393' title='bbox 1449 2960 1622 3022; x_wconf 83' lang='lat' dir='ltr'><strong>scripta</strong></span> <span class='ocrx_word' id='word_1_394' title='bbox 1654 2960 1734 3015; x_wconf 78' lang='lat'><strong>23,</strong></span> <span class='ocrx_word' id='word_1_395' title='bbox 1765 2959 1842 3006; x_wconf 86' lang='lat'><strong>21.</strong></span> <span class='ocrx_word' id='word_1_396' title='bbox 1886 2958 2095 3005; x_wconf 81' lang='lat' dir='ltr'><strong>scribere</strong></span> <span class='ocrx_word' id='word_1_397' title='bbox 2131 2971 2241 3004; x_wconf 83' lang='lat' dir='ltr'><strong>eum</strong></span> <span class='ocrx_word' id='word_1_398' title='bbox 2272 2958 2333 3005; x_wconf 91' lang='grc'><strong>(16</strong></span> <span class='ocrx_word' id='word_1_399' title='bbox 2364 2958 2536 3018; x_wconf 83' lang='lat' dir='ltr'><strong>quibus</strong></span> <span class='ocrx_word' id='word_1_400' title='bbox 2566 2960 2756 3008; x_wconf 76' lang='lat' dir='ltr'><strong>videre-</strong></span> 
     </span>
    </p>
   </div>
   <div class='ocr_carea' id='block_1_2' title="bbox 1640 3426 2970 3614">
    <p class='ocr_par' dir='ltr' id='par_1_4' title="bbox 1640 3426 2970 3614">
     <span class='ocr_line' id='line_1_33' title="bbox 1640 3426 2970 3614; baseline 0 0"><span class='ocrx_word' id='word_1_401' title='bbox 1640 3426 2970 3614; x_wconf 95' lang='lat' dir='ltr'><strong> </strong></span> 
     </span>
    </p>
   </div>
  </div>
 </body>
</html>
