2980 3587
660 335 1043 398 potentioresque
1085 334 1210 380 viros
1223 365 1237 391 ,
1278 335 1387 378 sunt
1427 339 1588 379 exorta
1619 332 1697 390 39,
1722 333 1800 378 40.
1832 332 1931 380 init.
1961 331 2110 390 Quin
2146 333 2382 382 Romanos
2412 331 2655 383 ‘dimicare
2694 348 2781 394 pro

663 421 816 468 salute
848 435 930 466 sua
962 432 1057 463 non
1094 416 1155 463 de
1187 415 1477 462 intolerando
1514 415 1678 462 Italiae
1711 431 1855 478 regno
1876 421 2046 478 cogant
2067 418 2143 472 10,
2170 410 2336 465 1οὶ-’116
2355 411 2660 479 praesensde
2678 417 2782 465 iure

662 504 847 567 imperii
888 500 1130 548 dimicaret
1160 501 1238 558 22,
1270 500 1348 546 25.
1392 501 1639 563 coniugem
1665 501 1773 548 *eius
1804 513 1859 547 ac
1890 500 2063 548 liberos
2105 501 2164 548 de
2201 501 2300 548 vita
2320 502 2568 550 ”dimicare
2594 502 2673 560 24,
2700 502 2781 548 26.

664 589 882 635 dimicare
914 587 975 631 de
1007 600 1150 648 regno
1182 586 1259 643 29,
1280 586 1355 631 29.
1389 590 1443 629 ut
1476 586 1534 631 de
1565 586 1739 631 nostris
1766 584 2095 632 dimicaremus
2128 588 2207 646 30,
2234 587 2310 632 30.
2344 587 2406 633 (16
2437 581 2643 649 quorum
2670 600 2781 648 pos-

661 673 869 720 sessione
903 670 1152 715 dimicetur
1184 671 1261 727 32,
1295 670 1372 714 33.
1404 675 1628 730 tanquam
1660 671 1719 716 de
1750 684 1897 732 regno
1929 670 2228 718 dimicaretur
2258 671 2336 728 40,
2360 671 2410 720 6.
2461 671 2538 720 Ad
2568 670 2779 717 ultimam

660 755 1022 803 dimicationem
1056 754 1116 799 de
1149 754 1329 815 legibus
1360 757 1553 799 ventum
1587 755 1634 812 6,
1656 755 1737 806 38.
1790 754 1861 799 Ι)6
1900 752 2145 801 foederum
2189 756 2291 802 iure
2322 754 2481 803 verbis
2508 754 2780 816 disceptare

658 843 740 899 21,
766 843 809 885 9.
854 839 1007 886 verbis
1039 838 1197 898 potius
1231 838 1290 882 de
1323 838 1381 882 iis
1396 870 1409 894 ,
1454 852 1576 898 quae
1608 838 1980 899 ambigerentur,
2025 838 2339 900 disceptarent
2368 839 2446 895 35,
2474 838 2551 883 32.
2594 838 2781 899 discep-

658 926 803 970 tando
837 924 895 968 de
926 922 1105 983 legibus
1137 923 1215 978 26,
1249 923 1325 967 17.
1370 923 1483 966 (111111
1517 923 1577 966 (16
1618 921 1869 981 provinciis
1915 922 2161 966 consulum
2199 923 2479 983 disceptatur
2510 922 2588 979 34,
2616 922 2695 965 43.
2727 926 2780 966 ut

660 1010 720 1055 de
759 1009 860 1053 iure
915 1005 1213 1067 vectigalium
1264 1006 1601 1066 disceptarent,
1647 1010 1718 1051 et:
1778 1006 1838 1051 de
1878 1020 1990 1066 agro
2034 1005 2284 1067 disceptari
2327 1011 2546 1068 coeptum
2584 1006 2664 1063 34,
2698 1005 2779 1051 62.

660 1089 961 1152 Disceptatio
994 1095 1095 1136 orta
1128 1095 1200 1135 est
1232 1090 1299 1136 (16
1327 1089 1503 1136 Thebis
1533 1090 1611 1146 33,
1651 1090 1727 1135 13.
1769 1090 2044 1150 disceptatio
2076 1091 2310 1137 (16-1111611
2342 1085 2654 1137 auxiliaribus·
2678 1094 2779 1138 orta

656 1181 727 1225 est
757 1177 838 1234 38,
871 1175 948 1221 13.
994 1176 1053 1220 (16
1085 1173 1217 1237 Argis
1261 1187 1452 1235 quoque
1494 1173 1767 1236 disceptatio
1799 1177 1871 1221 est
1912 1178 2039 1222 mota
2070 1174 2149 1232 32,
2180 1175 2256 1221 40.
2298 1175 2511 1223 eiusdem
2550 1171 2779 1222 formulae

655 1260 925 1322 disceptatio
959 1261 1018 1304 de
1050 1259 1425 1304 Perrhaeborum
1457 1258 1642 1320 oppidis
1674 1258 1759 1304 fuit
1794 1259 1872 1317 39,
1893 1259 1971 1305 25.
2013 1273 2136 1319 quae
2176 1260 2235 1305 (16
2266 1258 2479 1319 foedere,
2510 1260 2640 1321 quod
2664 1257 2780 1304 mihi

654 1350 726 1391 est
769 1344 1039 1401 vobiscum,
1086 1343 1472 1404 disceptationem
1515 1343 1717 1389 habeant
1748 1344 1828 1401 42,
1864 1344 1942 1388 41.
1982 1358 2126 1403 parva
2166 1344 2436 1405 disceptatio
2480 1345 2541 1390 de
2581 1340 2779 1388 u'rbibus

656 1430 806 1474 tenuit
841 1429 918 1483 38,
940 1429 987 1471 9.
1030 1427 1085 1470 Id
1119 1428 1178 1471 de
1211 1441 1307 1485 quo
1339 1427 1497 1471 verbis
1531 1427 1860 1484 ambigebatur
1890 1427 1969 1483 21,
1998 1427 2044 1471 2.
2089 1428 2309 1487 quoniam
2340 1429 2497 1474 verbis
2529 1439 2687 1473 secum
2710 1423 2779 1470 de

656 1515 835 1559 virtute
873 1511 1112 1570 ambigere
1159 1511 1326 1555 solitus
1369 1514 1491 1555 esset
1523 1511 1600 1566 23,
1632 1511 1710 1555 46.
1752 1510 1924 1569 ambigi
1959 1511 2020 1555 de
2052 1512 2258 1571 auspicio
2292 1513 2366 1567 10,
2400 1513 2478 1556 40.
2509 1512 2548 1557 si
2580 1512 2640 1555 de
2669 1523 2779 1555 meo

656 1597 855 1642 crimine
882 1596 1198 1653 ambigeretur
1229 1595 1306 1648 26,
1329 1594 1405 1637 31.
1439 1608 1587 1652 pauca
1620 1595 1680 1637 de
1711 1594 1816 1637 iure
1848 1594 2119 1650 civitatium,
2155 1596 2215 1638 de
2249 1596 2421 1653 quibus
2438 1596 2778 1656 ambigeretur,

657 1679 876 1726 disseruit
907 1679 986 1736 35,
1007 1678 1084 1723 33.
1118 1691 1207 1723 1166
1241 1676 1481 1738 ambigere
1513 1690 1721 1737 unquam
1753 1677 1812 1722 de
1843 1691 1902 1723 66
1933 1676 2127 1724 forsitan
2158 1678 2357 1725 debeam
2378 1680 2456 1737 40,
2483 1679 2556 1725 15.
2591 1679 2650 1724 de
2677 1676 2778 1738 qui-

657 1766 747 1809 bus
780 1762 1103 1824 ambigebatur
1135 1762 1276 1806 rebus
1308 1763 1386 1818 41,
1408 1761 1484 1805 22.
1516 1761 1797 1821 ambigendo
1833 1762 1893 1807 de
1925 1761 2065 1807 Coele
2098 1761 2235 1820 Syria
2266 1764 2344 1820 42,
2378 1764 2458 1809 29.
2509 1761 2777 1808 Alter-catio

659 1853 761 1893 orta
795 1848 855 1890 de
888 1845 1095 1905 auspicio
1129 1847 1203 1903 10,
1228 1846 1306 1888 40.
1354 1843 1690 1889 Controversia
1721 1859 1844 1904 quae
1876 1846 1936 1889 de
1967 1846 2101 1907 Argis
2133 1851 2202 1891 est
2232 1847 2310 1904 34,
2329 1847 2408 1891 31.
2449 1846 2582 1893 Nova
2612 1847 2672 1891 de
2705 1846 2777 1890 (11-

659 1935 781 1977 166111
812 1929 1053 1976 contentio
1085 1935 1186 1974 orta
1217 1931 1264 1986 3,
1293 1930 1372 1974 29.
1417 1930 1475 1974 de
1507 1930 1708 1974 tribunis
1739 1930 1867 1989 plebi
1911 1931 2180 1988 coeptandis
2225 1932 2456 1975 contentio
2498 1931 2589 1974 fuit
2619 1932 2666 1986 5,
2701 1932 2777 1975 10.

661 2016 720 2060 (16
752 2013 1034 2060 exercitibus
1067 2014 1450 2072 Hispaniensibus
1483 2029 1651 2074 magna
1693 2014 1932 2059 contentio
1974 2013 2061 2057 fuit
2091 2014 2170 2070 39,
2201 2014 2280 2058 38.
2327 2016 2387 2059 (16
2418 2029 2529 2074 rege
2568 2015 2777 2060 sacrifico

658 2096 934 2144 sufficiendo
969 2096 1203 2143 contentio
1235 2095 1323 2143 fuit
1354 2097 1433 2154 40,
1457 2098 1532 2143 42.
1564 2097 1690 2143 111161
1721 2097 1939 2144 consules
1970 2096 2118 2158 magis
2149 2096 2402 2154 cavillatio,
2434 2112 2577 2157 quam
2609 2113 2777 2160 magna

660 2180 892 2229 contentio
925 2180 985 2227 de
1016 2180 1253 2242 provincia
1285 2179 1370 2227 fuit
1401 2182 1479 2240 42,
1502 2182 1581 2228 32.
1613 2181 1715 2228 init.
1748 2180 1838 2228 sic:
1871 2181 1918 2239 4,
1939 2181 1987 2228 6.
2019 2180 2098 2239 27,
2128 2181 2199 2228 11.

786 2264 994 2322 Quorum
1040 2266 1098 2310 de
1141 2265 1382 2311 consulatu
1423 2265 1736 2312 dubitabatur
1766 2266 1814 2324 4,
1847 2266 1892 2311 8.
1932 2271 1983 2312 16
2012 2264 2084 2310 ‚de
2126 2269 2283 2310 nostra
2326 2265 2500 2312 virtute
2541 2266 2777 2314 dubitasse

655 2350 829 2405 videri,
875 2362 1017 2408 quam
1047 2363 1133 2393 nos
1167 2350 1226 2393 (16
1257 2354 1339 2393 1116
1371 2350 1529 2394 verius
1563 2355 1632 2395 est
1664 2351 1710 2404 7,
1746 2351 1822 2394 13.
1873 2351 1933 2394 (16
1963 2349 2032 2395 eis
2077 2363 2185 2393 cum
2217 2349 2478 2395 dubitatum
2521 2350 2571 2396 in
2614 2356 2775 2397 senatu

654 2438 780 2480 esset
814 2434 893 2490 22,
930 2432 1008 2476 61.
1052 2438 1099 2476 ut
1130 2448 1225 2478 non
1256 2433 1405 2495 magis
1438 2434 1496 2478 de
1530 2434 1769 2494 triumpho
1802 2434 1901 2480 eius
1933 2447 2073 2494 quam
2105 2434 2164 2478 de
2194 2432 2376 2479 honore
2415 2435 2504 2479 diis
2536 2436 2776 2481 immorta-

655 2519 775 2564 libus
807 2517 1026 2562 habendo
1063 2516 1261 2562 dubitari
1291 2517 1437 2577 possit
1469 2518 1549 2573 33,
1569 2519 1647 2564 22.
1680 2518 1978 2564 dubitabatur
2010 2517 2070 2562 (16
2104 2517 2328 2563 Corintho
2360 2519 2439 2575 33,
2461 2520 2540 2564 31.
2576 2519 2659 2578 qui
2690 2520 2775 2565 du-

654 2601 805 2647 bitare
838 2601 897 2645 de
931 2604 1105 2646 eventu
1137 2601 1313 2661 possim
1343 2601 1423 2656 36,
1456 2603 1502 2647 7.
1537 2617 1624 2648 1166
1655 2603 1715 2648 (16
1745 2602 1900 2648 Α111611
1930 2615 2021 2647 1166
2054 2601 2114 2646 (16
2146 2600 2330 2648 Octavii
2361 2601 2602 2663 triumpho
2634 2602 2775 2649 dubi·

653 2691 803 2733 tatum
835 2690 906 2731 est
937 2686 1016 2742 45,
1045 2686 1122 2731 35.
1178 2684 1307 2732 Sicut
1341 2686 1497 2732 omnia
1539 2687 1598 2731 (16
1629 2686 1842 2734 Eumene
1873 2685 2020 2732 dubia
2059 2688 2138 2744 40,
2171 2688 2249 2732 20.
2291 2701 2497 2747 quocum
2537 2685 2773 2734 conferasz

657 2769 833 2816 incerti
873 2769 934 2815 de
976 2768 1067 2815 fide
1110 2770 1345 2817 sociorum
1378 2772 1425 2830 9,
1460 2772 1508 2816 6.
1555 2772 1792 2818 incertum
1832 2771 2038 2833 (regem)
2085 2772 2145 2817 (16
2177 2771 2392 2817 Romano
2424 2770 2553 2817 bello
2583 2772 2661 2830 33,
2692 2774 2773 2819 49.

656 2858 729 2900 et:
762 2852 987 2915 suspensi
1014 2854 1073 2900 de
1105 2858 1227 2901 statu
1261 2854 1452 2901 alterius
1485 2856 1532 2911 9,
1564 2856 1644 2902 43.
1677 2860 1747 2902 etz
1788 2856 2040 2902 obscurum
2073 2870 2176 2902 esse
2208 2853 2268 2899 de
2299 2852 2507 2901 hostium
2538 2854 2657 2903 duce
2689 2857 2773 2904 de-

655 2939 755 2986 dito
787 2938 1024 2998 missoque
1058 2940 1104 2995 9,
1129 2939 1202 2985 15.
1253 2940 1411 2998 Quum
1452 2940 1510 2987 de
1543 2941 1645 2988 aliis
1677 2942 1817 2989 rebus
1849 2939 2093 2988 adsentire
2124 2953 2177 2986 se
2207 2939 2444 2986 veteribus
2475 2938 2684 2988 Gabinis·
2701 2942 2773 2988 ‘di-
