3026 3615
2258 195 2355 251 18

234 341 419 386 donem
457 338 787 400 produxerunt
833 337 918 398 (Μ.
952 337 1145 381 Iunium
1177 336 1283 381 trib.
1314 336 1462 398 pleb.)
1495 339 1573 395 41,
1607 339 1651 383 7.
1718 336 1943 381 Senatum
1985 328 2254 379 habuerunt
2292 337 2353 381 de

232 426 467 486 remigum
497 423 820 481 supplemento
851 424 930 478 26,
957 424 1037 467 35.
1085 422 1158 466 De
1187 438 1242 467 re
1275 437 1400 468 nova
1430 427 1598 467 vocato
1628 427 1795 467 senatu
1826 424 1873 477 5,
1894 422 1973 466 2¹7.
2006 435 2219 480 quocum
2238 436 2352 465 con—

231 508 377 555 fer-ass
418 507 547 553 nulla
587 507 647 552 de
690 521 744 552 re
785 520 943 565 neque
985 508 1228 552 convocati
1269 522 1424 567 neque
1457 506 1653 552 consulti
1683 505 1871 550 fuerant
1900 506 1978 560 24,
2008 506 2084 551 22.
2152 504 2244 561 Qui
2275 521 2353 550 co-

232 593 364 641 mitia
391 595 666 651 quaestores
709 589 886 637 habere
916 589 977 635 de
1006 606 1090 637 reo
1122 590 1218 636 nisi
1248 592 1379 652 prius
1409 591 1571 637 habita
1602 591 1663 636 de
1698 589 1801 650 lege
1838 592 1994 634 essent
2019 603 2238 648 passuros
2269 603 2354 633 ne-

229 678 399 740 gabant
427 677 479 730 3,
513 658 587 721 24.
650 674 722 719 De
753 686 871 733 pace
904 673 1080 735 legatos
1125 676 1184 720 ad
1218 675 1491 737 Scipionem
1521 675 1802 720 decernebat
1835 676 1952 732 (una
1985 672 2158 729 tribus)
2190 675 2267 729 30,
2303 674 2349 718 7.

228 762 433 824 Legatos
467 760 525 805 de
558 773 673 821 pace
705 757 891 802 mittunt
925 760 1017 818 (ad.
1050 760 1167 820 alq.)
1200 762 1246 818 2,
1282 762 1354 806 18.
1395 760 1487 805 sic:
1520 761 1567 818 9,
1600 761 1676 804 45.
1726 761 1801 816 10,
1834 760 1883 804 5.
1926 759 2006 815 23,
2042 758 2114 801 13.
2152 757 2238 812 25,
2271 759 2344 802 28.

229 848 306 903 29,
343 832 413 891 12.
458 846 538 902 30,
571 844 651 888 42.
691 842 770 899 31,
807 843 881 888 17.
929 844 1111 889 lehis.
1142 846 1224 901 33,
1260 847 1334 891 13.
1375 846 1454 903 39,
1478 846 1566 907 ³22.
1610 845 1687 901 40,
1721 845 1800 889 42.
1846 844 1925 900 42,
1958 843 2034 888 23.
2070 843 2148 887 24.
2192 842 2270 898 43,
2302 842 2346 885 4.

228 934 305 990 44,
338 933 417 978 24.
459 930 536 985 45,
570 929 633 973 23
663 926 751 972 his.
784 927 1066 987 quibuscum
1098 928 1457 975 conferendumz
1500 929 1806 990 legationibus
1839 929 1898 972 de
1929 942 2045 987 pace
2077 925 2234 972 missis
2267 927 2346 979 37,

227 1020 305 1064 35.
349 1015 454 1063 Sic:
503 1012 631 1058 Missi
662 1013 721 1057 de
751 1027 866 1072 pace
898 1018 1105 1059 oratores
1138 1015 1184 1071 2,
1217 1016 1293 1061 39.
1334 1019 1544 1060 oratores
1578 1015 1637 1059 de
1670 1028 1783 1073 pace
1818 1014 1877 1058 ad
1918 1013 2158 1058 consulem
2199 1011 2343 1055 mise-

227 1106 338 1147 runt
373 1100 450 1155 38,
486 1098 563 1143 27.
611 1095 811 1157 Legatos
842 1098 901 1142 ad
933 1102 1147 1143 senatum
1183 1098 1242 1144 de
1272 1114 1386 1160 pace
1417 1098 1649 1146 venientis
1681 1100 1759 1154 30,
1793 1099 1869 1143 21.
1905 1095 2002 1155 fsic:
2035 1098 2112 1153 39,
2146 1096 2220 1141 38.
2266 1095 2347 1150 42,

229 1186 318 1232 14.
346 1179 430 1229 Et:
476 1181 536 1227 de
577 1179 766 1227 foedere
798 1182 1070 1229 renovando
1111 1182 1252 1245 legati
1283 1184 1329 1242 9,
1353 1184 1439 1230 20.
1495 1182 1583 1242 Qui
1624 1182 1847 1229 miserant
1889 1181 1950 1226 ad
1992 1179 2242 1243 Magonem
2285 1177 2347 1223 de

225 1267 510 1332 populorum
551 1280 744 1313 suorum
784 1265 1050 1314 defectione.
1096 1269 1185 1326 29,
1218 1268 1300 1315 36.
1389 1266 1612 1315 Conferas
1656 1267 1817 1313 etiam:
1869 1266 2057 1312 nuntios
2108 1263 2236 1310 misit
2285 1262 2345 1308 de

224 1353 452 1400 tradendo
484 1351 737 1412 Agrigento
769 1352 847 1407 26,
878 1352 960 1396 40.
1001 1352 1186 1397 nuntios
1228 1353 1288 1398 de
1328 1353 1521 1398 transitu
1562 1352 1813 1396 mittebant
1843 1351 1921 1407 38,
1957 1352 2028 1396 16.
2082 1348 2342 1395 Tusculum

223 1439 283 1484 de
311 1451 431 1483 varce
475 1439 609 1495 capta
653 1434 807 1478 nuntii
837 1434 1032 1481 veniunt
1063 1437 1111 1492 3,
1146 1437 1221 1481 18.
1282 1434 1352 1481 Ea
1393 1437 1451 1481 de
1496 1435 1667 1497 quibus
1707 1437 2023 1498 arguebantur
2054 1436 2134 1489 36,
2168 1434 2244 1478 35.
2281 1456 2338 1466 -

221 1523 383 1583 Neque
414 1524 567 1581 patres
597 1518 752 1564 nostri
780 1519 960 1579 priores
991 1520 1050 1564 de
1083 1519 1266 1578 Sicilia,
1298 1536 1455 1581 neque
1485 1535 1573 1566 nos
1606 1521 1666 1564 de
1683 1520 1904 1581 Hispania
1937 1519 2133 1565 facimus
2168 1517 2341 1561 bellum

218 1609 299 1665 30,
332 1608 411 1652 31.
460 1603 784 1649 Precationem
817 1604 877 1649 de
906 1604 1033 1650 bello
1066 1603 1237 1651 factam
1268 1606 1347 1662 42,
1379 1608 1459 1651 30.

332 1690 469 1736 Unde
494 1688 612 1735 haec
635 1702 750 1734 cura
771 1689 832 1734 de
852 1702 931 1735 me
952 1694 1056 1735 orta
1076 1691 1156 1746 28,
1177 1692 1255 1737 43.
1282 1695 1506 1752 tanquam
1529 1691 1590 1736 de
1612 1689 1899 1736 Samnitibus
1918 1704 2015 1735 non
2035 1689 2095 1733 de
2112 1703 2162 1734 se
2184 1701 2342 1733 curam

223 1780 414 1837 agerent
455 1776 503 1826 8,
537 1775 584 1817 3.
614 1774 855 1817 consulem
898 1788 1012 1817 eura
1055 1775 1114 1818 de
1158 1775 1341 1819 minore
1382 1775 1478 1819 filio
1511 1776 1778 1818 stimulabat
1810 1778 1888 1830 44,
1921 1777 2001 1818 44.
2046 1776 2104 1817 de
2126 1774 2339 1832 Philippo

218 1862 412 1906 auxerat
434 1871 595 1902 curam
612 1855 788 1901 Marius
809 1858 889 1914 40,
908 1859 952 1903 3.
979 1858 1037 1902 de
1053 1858 1358 1904 Hasdrubalis
1379 1859 1581 1904 adventu
1609 1859 1659 1903 in
1684 1859 1864 1904 ltaliam
1886 1875 1999 1904 cura
2021 1858 2072 1903 in
2094 1858 2192 1902 dies
2215 1872 2340 1902 cres-

219 1946 357 1994 cebat
386 1943 466 2001 27,
489 1944 563 1988 36.
604 1958 713 1988 cum
745 1958 842 2002 quo
872 1942 978 1988 loco
1011 1943 1284 1990 conferendi
1316 1949 1422 1989 sunt
1446 1944 1495 1989 hi
1523 1945 1855 1991 memorabiles
1886 1945 2001 1991 loci:
2036 1946 2096 1990 de
2113 1941 2340 1989 Arretinis

217 2034 267 2076 et
297 2028 424 2074 fama
453 2026 505 2071 in
536 2025 637 2071 dies
669 2025 859 2088 gravior
880 2030 948 2072 *et
991 2041 1102 2072 cura
1135 2042 1345 2073 crescere
1374 2028 1587 2089 patribus
1620 2028 1697 2085 27,
1731 2029 1805 2074 24.
1849 2029 1898 2074 in
1942 2029 2043 2074 dies
2089 2028 2235 2089 magis
2280 2026 2339 2071 de

217 2112 438 2160 Antiochi
468 2112 594 2157 bello
626 2116 674 2157 et
706 2126 817 2157 cura
848 2112 1058 2172 patribus
1090 2113 1326 2159 crescebat
1358 2113 1436 2170 35,
1458 2114 1537 2158 41.
1571 2119 1777 2159 vestram
1808 2115 1869 2159 de
1901 2115 1969 2160 eis
2004 2130 2165 2160 curam
2196 2125 2339 2171 quam

216 2198 424 2260 primum
465 2196 646 2242 absolvi
687 2200 877 2257 oportet
906 2197 953 2253 8,
989 2198 1065 2243 13.
1110 2197 1259 2243 donec
1302 2213 1412 2244 cura
1453 2198 1512 2243 de
1553 2197 1780 2243 Antiocho
1826 2198 2104 2244 decessisset
2124 2198 2224 2253 33,
2259 2197 2339 2242 31.

216 2281 363 2329 Inde:
409 2296 603 2334 securus
651 2281 713 2327 de
744 2280 869 2327 bello
885 2280 1114 2328 Romano
1147 2285 1245 2328 erat
1279 2283 1358 2340 36,
1391 2283 1470 2328 41.
1531 2281 1693 2329 Patres
1724 2281 1921 2328 solliciti
1951 2282 2012 2330 de
2044 2295 2231 2329 summa
2262 2294 2337 2325 re-

216 2381 325 2415 rum
355 2367 403 2424 3,
433 2366 510 2412 51.
562 2365 762 2413 sollicita
784 2407 785 2410 ,
805 2364 969 2414 civitas
988 2387 992 2391 -
1009 2366 1069 2413 de
1112 2365 1325 2413 Etruriae
1360 2364 1622 2413 defectione
1662 2365 1752 2412 fuit
1784 2367 1861 2426 27,
1895 2369 1972 2415 21.
2018 2369 2079 2415 de
2116 2364 2336 2427 Hispania

217 2450 463 2508 retinenda
494 2451 705 2497 sollicitis
735 2453 815 2509 28,
835 2473 837 2475 >
856 2451 933 2498 12.
979 2451 1189 2498 maxime
1209 2452 1292 2499 'de
1327 2451 1531 2498 Achaiae
1568 2451 1767 2497 urbibus
1814 2457 1865 2498 et
1896 2453 2045 2515 magis
2087 2457 2244 2497 tamen
2274 2450 2336 2495 do

214 2538 351 2600 Argis
370 2540 545 2598 ‘quam'
577 2536 638 2581 de
677 2535 903 2583 Corintho
925 2536 1164 2584 sollicitus
1204 2539 1283 2596 32,
1314 2538 1389 2584 38.
1446 2537 1631 2584 solliciti
1671 2538 1732 2584 de
1775 2538 1889 2585 belli
1927 2542 2102 2585 eventu
2143 2536 2338 2594 37,.36.

215 2621 428 2686 trepidus
462 2621 523 2668 de
553 2620 716 2684 viginti
746 2621 1245 2683 cohortium=advent11
1280 2624 1354 2680 10,
1386 2623 1464 2669 43.
1530 2622 1695 2685 Ipsum
1740 2624 1933 2685 quidem
1973 2623 2055 2670 de.
2076 2638 2128 2670 se
2143 2621 2338 2669 teo-ere

213 2707 467 2769 quioqmm
497 2706 763 2764 vetuit136,
799 2708 877 2753 29.
908 2708 970 2753 de
996 2722 1051 2754 se
1081 2707 1230 2770 magis
1257 2707 1445 2758 timebit
1475 2709 1555 2766 40,
1586 2710 1664 2755 11.
1686 2735 1689 2746 ι
1716 2708 1876 2754 Patres
1893 2715 2052 2753 metm
2069 2709 2130 2755 de
2152 2718 2337 2753 summa

213 2788 531 2853 reaum2:oepit
554 2793 653 2849 21,
675 2792 747 2837 16.
789 2791 882 2837 bne
910 2791 1094 2837 litterae
1132 2792 1406 2837 met-mdc
1430 2792 1588 2839 altero
1622 2794 1871 2853 (consule)
1903 2792 2115 2839 fecerunt
2146 2793 2231 2850 27,
2259 2792 2339 2849 29.

211 2879 365 2922 metm
381 2876 687 2922 decennale
707 2879 846 2937 atque
877 2876 1088 2933 ereroitu
1117 2875 1295 2931 distulit
1330 2892 1391 2922 eo
1421 2882 1639 2939 tempore
1664 2877 1956 2923 muniendae
1978 2875 2224 2939 Aquileiae
2255 2893 2339 2923 ow

207 2959 430 3019 runs-43,
466 2962 522 3016 1.
543 2956 1202 3024 οιαμᾞώξΰοὶῃῇοοθιυὼ
1229 2960 1458 3010 «liemon
1492 2964 1552 3022 85·
1574 2964 1650 3010 15.
1709 2961 1807 3010 Nee
1843 2963 1988 3025 ruptis
2017 2969 2103 3011 eut
2131 2978 2250 3026 spec
2277 2963 2338 3009 de
